<record><header><identifier>oai:bibliofil.no:NO-2030000:171626</identifier><datestamp>2012-02-09</datestamp><setSpec>bibliofil:data</setSpec></header><metadata><marcxchange:record format="normarc" type="Bibliographic" xmlns:marcxchange="info:lc/xmlns/marcxchange-v1"><marcxchange:leader>00699nam  2200229   4500</marcxchange:leader><marcxchange:controlfield tag="001">171626</marcxchange:controlfield><marcxchange:controlfield tag="008">871026                j          01nob</marcxchange:controlfield><marcxchange:datafield tag="015" ind1=" " ind2=" "><marcxchange:subfield code="a">44252</marcxchange:subfield><marcxchange:subfield code="b">BibliofilID</marcxchange:subfield></marcxchange:datafield><marcxchange:datafield tag="019" ind1=" " ind2=" "><marcxchange:subfield code="b">l</marcxchange:subfield></marcxchange:datafield><marcxchange:datafield tag="082" ind1="3" ind2=" "><marcxchange:subfield code="a">920</marcxchange:subfield><marcxchange:subfield code="z">h</marcxchange:subfield><marcxchange:subfield code="2">d</marcxchange:subfield></marcxchange:datafield><marcxchange:datafield tag="090" ind1=" " ind2=" "><marcxchange:subfield code="a">u</marcxchange:subfield><marcxchange:subfield code="b">u</marcxchange:subfield><marcxchange:subfield code="c">920</marcxchange:subfield><marcxchange:subfield code="d">Ebb</marcxchange:subfield></marcxchange:datafield><marcxchange:datafield tag="100" ind1=" " ind2="0"><marcxchange:subfield code="a">Ebbell, Bendix</marcxchange:subfield><marcxchange:subfield code="3">10024400</marcxchange:subfield></marcxchange:datafield><marcxchange:datafield tag="245" ind1="1" ind2="0"><marcxchange:subfield code="a">Gutter som blev mænd</marcxchange:subfield></marcxchange:datafield><marcxchange:datafield tag="250" ind1=" " ind2=" "><marcxchange:subfield code="a">3opl.</marcxchange:subfield></marcxchange:datafield><marcxchange:datafield tag="260" ind1=" " ind2=" "><marcxchange:subfield code="a">Kra.</marcxchange:subfield><marcxchange:subfield code="b">Gyldendal</marcxchange:subfield><marcxchange:subfield code="c">1923</marcxchange:subfield></marcxchange:datafield><marcxchange:datafield tag="300" ind1=" " ind2=" "><marcxchange:subfield code="a">125 s.</marcxchange:subfield><marcxchange:subfield code="b">ill.</marcxchange:subfield></marcxchange:datafield><marcxchange:datafield tag="500" ind1=" " ind2=" "><marcxchange:subfield code="a">Innhold: Tømmerhytten (Abraham Lincoln) ; Den store hvite mand (David Livingstone) ; Gordon Pascha</marcxchange:subfield></marcxchange:datafield><marcxchange:datafield tag="599" ind1=" " ind2=" "><marcxchange:subfield code="a">05x</marcxchange:subfield></marcxchange:datafield><marcxchange:datafield tag="600" ind1=" " ind2="0"><marcxchange:subfield code="a">Livingstone, David</marcxchange:subfield><marcxchange:subfield code="d">1813-1873</marcxchange:subfield><marcxchange:subfield code="j">sk.</marcxchange:subfield><marcxchange:subfield code="3">10367800</marcxchange:subfield></marcxchange:datafield><marcxchange:datafield tag="600" ind1="0" ind2="1"><marcxchange:subfield code="a">Gordon, Charles George</marcxchange:subfield><marcxchange:subfield code="d">1833-1885</marcxchange:subfield><marcxchange:subfield code="j">eng.</marcxchange:subfield><marcxchange:subfield code="3">20089700</marcxchange:subfield></marcxchange:datafield><marcxchange:datafield tag="600" ind1="0" ind2="1"><marcxchange:subfield code="a">Lincoln, Abraham</marcxchange:subfield><marcxchange:subfield code="d">1809-1865</marcxchange:subfield><marcxchange:subfield code="j">am.</marcxchange:subfield><marcxchange:subfield code="1">973.7092</marcxchange:subfield><marcxchange:subfield code="6">973.7 x</marcxchange:subfield><marcxchange:subfield code="3">16823600</marcxchange:subfield></marcxchange:datafield><marcxchange:datafield tag="850" ind1=" " ind2=" "><marcxchange:subfield code="a">NO-2030000</marcxchange:subfield><marcxchange:subfield code="b">Barne- og ungdomsavdelingen</marcxchange:subfield><marcxchange:subfield code="c">um</marcxchange:subfield><marcxchange:subfield code="f">9</marcxchange:subfield><marcxchange:subfield code="h">0</marcxchange:subfield><marcxchange:subfield code="x">2012-07-31T13:14+0200</marcxchange:subfield></marcxchange:datafield><marcxchange:datafield tag="996" ind1=" " ind2=" "><marcxchange:subfield code="u">http://www.deich.folkebibl.no/cgi-bin/websok?tnr=171626&amp;sourceid=OAI</marcxchange:subfield><marcxchange:subfield code="t">local</marcxchange:subfield></marcxchange:datafield></marcxchange:record></metadata></record>