<record><header><identifier>oai:bibliofil.no:NO-2030000:205434</identifier><datestamp>2012-02-09</datestamp><setSpec>bibliofil:data</setSpec></header><metadata><marcxchange:record format="normarc" type="Bibliographic" xmlns:marcxchange="info:lc/xmlns/marcxchange-v1"><marcxchange:leader>00730nam  2200229   4500</marcxchange:leader><marcxchange:controlfield tag="001">205434</marcxchange:controlfield><marcxchange:controlfield tag="008">900625                a          00eng</marcxchange:controlfield><marcxchange:datafield tag="015" ind1=" " ind2=" "><marcxchange:subfield code="a">102960</marcxchange:subfield><marcxchange:subfield code="b">BibliofilID</marcxchange:subfield></marcxchange:datafield><marcxchange:datafield tag="019" ind1=" " ind2=" "><marcxchange:subfield code="b">l</marcxchange:subfield></marcxchange:datafield><marcxchange:datafield tag="020" ind1=" " ind2=" "><marcxchange:subfield code="a">0872874451</marcxchange:subfield><marcxchange:subfield code="b">ib.</marcxchange:subfield><marcxchange:subfield code="c">Nkr 172.00</marcxchange:subfield></marcxchange:datafield><marcxchange:datafield tag="082" ind1="3" ind2=" "><marcxchange:subfield code="a">025.5</marcxchange:subfield><marcxchange:subfield code="z">h</marcxchange:subfield><marcxchange:subfield code="2">d</marcxchange:subfield></marcxchange:datafield><marcxchange:datafield tag="090" ind1=" " ind2=" "><marcxchange:subfield code="c">025.5</marcxchange:subfield><marcxchange:subfield code="d">Jen</marcxchange:subfield></marcxchange:datafield><marcxchange:datafield tag="100" ind1=" " ind2="0"><marcxchange:subfield code="a">Jennerich, Elaine Zaremba</marcxchange:subfield><marcxchange:subfield code="d">1947-</marcxchange:subfield><marcxchange:subfield code="3">13495300</marcxchange:subfield></marcxchange:datafield><marcxchange:datafield tag="245" ind1="1" ind2="0"><marcxchange:subfield code="a">The reference interview as a creative art</marcxchange:subfield><marcxchange:subfield code="c">Elaine Zaremba Jennerich, Edward J. Jennerich</marcxchange:subfield></marcxchange:datafield><marcxchange:datafield tag="260" ind1=" " ind2=" "><marcxchange:subfield code="a">Littleton, Colo.</marcxchange:subfield><marcxchange:subfield code="b">Libraries unlimited</marcxchange:subfield><marcxchange:subfield code="c">1987</marcxchange:subfield></marcxchange:datafield><marcxchange:datafield tag="300" ind1=" " ind2=" "><marcxchange:subfield code="a">XIV, 107 s.</marcxchange:subfield></marcxchange:datafield><marcxchange:datafield tag="500" ind1=" " ind2=" "><marcxchange:subfield code="a">Har bibliografi</marcxchange:subfield></marcxchange:datafield><marcxchange:datafield tag="599" ind1=" " ind2=" "><marcxchange:subfield code="a">uke27 rst0626</marcxchange:subfield></marcxchange:datafield><marcxchange:datafield tag="650" ind1=" " ind2="1"><marcxchange:subfield code="a">Bibliotekarbeid</marcxchange:subfield><marcxchange:subfield code="x">Referansearbeid</marcxchange:subfield><marcxchange:subfield code="x">Intervju</marcxchange:subfield><marcxchange:subfield code="1">025.52</marcxchange:subfield><marcxchange:subfield code="4">d5</marcxchange:subfield><marcxchange:subfield code="6">025.5 z</marcxchange:subfield><marcxchange:subfield code="3">2039286000</marcxchange:subfield></marcxchange:datafield><marcxchange:datafield tag="695" ind1=" " ind2=" "><marcxchange:subfield code="a">referanseintervju</marcxchange:subfield></marcxchange:datafield><marcxchange:datafield tag="700" ind1=" " ind2=" "><marcxchange:subfield code="a">Jennerich, Edward J.</marcxchange:subfield><marcxchange:subfield code="3">13495500</marcxchange:subfield></marcxchange:datafield><marcxchange:datafield tag="850" ind1=" " ind2=" "><marcxchange:subfield code="a">NO-2030000</marcxchange:subfield><marcxchange:subfield code="b">Voksenavdelingen, Hovedbiblioteket</marcxchange:subfield><marcxchange:subfield code="c">5. magasin</marcxchange:subfield><marcxchange:subfield code="f">9</marcxchange:subfield><marcxchange:subfield code="h">0</marcxchange:subfield><marcxchange:subfield code="x">2012-07-31T13:14+0200</marcxchange:subfield></marcxchange:datafield><marcxchange:datafield tag="996" ind1=" " ind2=" "><marcxchange:subfield code="u">http://www.deich.folkebibl.no/cgi-bin/websok?tnr=205434&amp;sourceid=OAI</marcxchange:subfield><marcxchange:subfield code="t">local</marcxchange:subfield></marcxchange:datafield></marcxchange:record></metadata></record><record><header status="deleted"><identifier>oai:bibliofil.no:NO-2030000:208477</identifier><datestamp>2012-02-09</datestamp><setSpec>bibliofil:data</setSpec></header></record>