<record><header><identifier>oai:bibliofil.no:NO-2030000:208759</identifier><datestamp>2012-02-09</datestamp><setSpec>bibliofil:data</setSpec></header><metadata><marcxchange:record format="normarc" type="Bibliographic" xmlns:marcxchange="info:lc/xmlns/marcxchange-v1"><marcxchange:leader>00624nam  2200229   4500</marcxchange:leader><marcxchange:controlfield tag="001">208759</marcxchange:controlfield><marcxchange:controlfield tag="008">900716                a          10nob</marcxchange:controlfield><marcxchange:datafield tag="015" ind1=" " ind2=" "><marcxchange:subfield code="a">109486</marcxchange:subfield><marcxchange:subfield code="b">BibliofilID</marcxchange:subfield></marcxchange:datafield><marcxchange:datafield tag="019" ind1=" " ind2=" "><marcxchange:subfield code="b">l</marcxchange:subfield><marcxchange:subfield code="d">R</marcxchange:subfield></marcxchange:datafield><marcxchange:datafield tag="020" ind1=" " ind2=" "><marcxchange:subfield code="a">82-05-00993-7</marcxchange:subfield><marcxchange:subfield code="c">23.00</marcxchange:subfield></marcxchange:datafield><marcxchange:datafield tag="090" ind1=" " ind2=" "><marcxchange:subfield code="b">SF Lev</marcxchange:subfield></marcxchange:datafield><marcxchange:datafield tag="100" ind1=" " ind2="0"><marcxchange:subfield code="a">Levin, Ira</marcxchange:subfield><marcxchange:subfield code="d">1929-2007</marcxchange:subfield><marcxchange:subfield code="j">am.</marcxchange:subfield><marcxchange:subfield code="3">13247500</marcxchange:subfield></marcxchange:datafield><marcxchange:datafield tag="240" ind1="1" ind2="0"><marcxchange:subfield code="a">This perfect day</marcxchange:subfield></marcxchange:datafield><marcxchange:datafield tag="245" ind1="1" ind2="0"><marcxchange:subfield code="a">En fullkommen dag</marcxchange:subfield><marcxchange:subfield code="c">Overs. av Daisy Schjelderup</marcxchange:subfield></marcxchange:datafield><marcxchange:datafield tag="260" ind1=" " ind2=" "><marcxchange:subfield code="a">Oslo</marcxchange:subfield><marcxchange:subfield code="b">Gyldendal</marcxchange:subfield><marcxchange:subfield code="c">1972</marcxchange:subfield></marcxchange:datafield><marcxchange:datafield tag="300" ind1=" " ind2=" "><marcxchange:subfield code="a">252 s. 1 bl.</marcxchange:subfield></marcxchange:datafield><marcxchange:datafield tag="440" ind1=" " ind2=" "><marcxchange:subfield code="a">Lanterne-bøkene</marcxchange:subfield><marcxchange:subfield code="3">10221000</marcxchange:subfield></marcxchange:datafield><marcxchange:datafield tag="440" ind1=" " ind2="0"><marcxchange:subfield code="a">Lanterne science fiction</marcxchange:subfield><marcxchange:subfield code="3">10221300</marcxchange:subfield></marcxchange:datafield><marcxchange:datafield tag="574" ind1=" " ind2=" "><marcxchange:subfield code="a">Originaltittel: This perfect day</marcxchange:subfield></marcxchange:datafield><marcxchange:datafield tag="599" ind1=" " ind2=" "><marcxchange:subfield code="a">xeaa0716</marcxchange:subfield></marcxchange:datafield><marcxchange:datafield tag="655" ind1=" " ind2=" "><marcxchange:subfield code="a">Science fiction</marcxchange:subfield><marcxchange:subfield code="3">10296700</marcxchange:subfield></marcxchange:datafield><marcxchange:datafield tag="850" ind1=" " ind2=" "><marcxchange:subfield code="a">NO-2030000</marcxchange:subfield><marcxchange:subfield code="b">Voksenavdelingen, Hovedbiblioteket</marcxchange:subfield><marcxchange:subfield code="f">9</marcxchange:subfield><marcxchange:subfield code="h">0</marcxchange:subfield><marcxchange:subfield code="x">2012-07-31T13:14+0200</marcxchange:subfield></marcxchange:datafield><marcxchange:datafield tag="850" ind1=" " ind2=" "><marcxchange:subfield code="a">NO-2030000</marcxchange:subfield><marcxchange:subfield code="b">Voksenavdelingen, Hovedbiblioteket</marcxchange:subfield><marcxchange:subfield code="f">9</marcxchange:subfield><marcxchange:subfield code="h">0</marcxchange:subfield><marcxchange:subfield code="x">2012-07-31T13:14+0200</marcxchange:subfield></marcxchange:datafield><marcxchange:datafield tag="850" ind1=" " ind2=" "><marcxchange:subfield code="a">NO-2030000</marcxchange:subfield><marcxchange:subfield code="b">Voksenavdelingen, Hovedbiblioteket</marcxchange:subfield><marcxchange:subfield code="f">9</marcxchange:subfield><marcxchange:subfield code="h">0</marcxchange:subfield><marcxchange:subfield code="x">2012-07-31T13:14+0200</marcxchange:subfield></marcxchange:datafield><marcxchange:datafield tag="996" ind1=" " ind2=" "><marcxchange:subfield code="u">http://www.deich.folkebibl.no/cgi-bin/websok?tnr=208759&amp;sourceid=OAI</marcxchange:subfield><marcxchange:subfield code="t">local</marcxchange:subfield></marcxchange:datafield></marcxchange:record></metadata></record>