<record><header><identifier>oai:bibliofil.no:NO-2030000:223357</identifier><datestamp>2012-02-09</datestamp><setSpec>bibliofil:data</setSpec></header><metadata><marcxchange:record format="normarc" type="Bibliographic" xmlns:marcxchange="info:lc/xmlns/marcxchange-v1"><marcxchange:leader>00713nam  2200241   4500</marcxchange:leader><marcxchange:controlfield tag="001">223357</marcxchange:controlfield><marcxchange:controlfield tag="008">901012                a          01nob 2  </marcxchange:controlfield><marcxchange:datafield tag="015" ind1=" " ind2=" "><marcxchange:subfield code="a">139585</marcxchange:subfield><marcxchange:subfield code="b">BibliofilID</marcxchange:subfield></marcxchange:datafield><marcxchange:datafield tag="019" ind1=" " ind2=" "><marcxchange:subfield code="b">l</marcxchange:subfield></marcxchange:datafield><marcxchange:datafield tag="020" ind1=" " ind2=" "><marcxchange:subfield code="a">82-00-05824-7</marcxchange:subfield><marcxchange:subfield code="b">ib.</marcxchange:subfield><marcxchange:subfield code="c">n.kr.124,00</marcxchange:subfield></marcxchange:datafield><marcxchange:datafield tag="082" ind1=" " ind2=" "><marcxchange:subfield code="a">172.4</marcxchange:subfield></marcxchange:datafield><marcxchange:datafield tag="082" ind1="3" ind2=" "><marcxchange:subfield code="a">921</marcxchange:subfield><marcxchange:subfield code="z">h</marcxchange:subfield></marcxchange:datafield><marcxchange:datafield tag="090" ind1=" " ind2=" "><marcxchange:subfield code="c">923.2</marcxchange:subfield><marcxchange:subfield code="d">Myrdal,A.</marcxchange:subfield></marcxchange:datafield><marcxchange:datafield tag="100" ind1=" " ind2="0"><marcxchange:subfield code="a">Lindskog, Lars G.</marcxchange:subfield><marcxchange:subfield code="d">1935-</marcxchange:subfield><marcxchange:subfield code="j">sv.</marcxchange:subfield><marcxchange:subfield code="3">14611000</marcxchange:subfield></marcxchange:datafield><marcxchange:datafield tag="240" ind1="1" ind2="0"><marcxchange:subfield code="a">Alva Myrdal</marcxchange:subfield></marcxchange:datafield><marcxchange:datafield tag="245" ind1="1" ind2="0"><marcxchange:subfield code="a">Alva Myrdal</marcxchange:subfield><marcxchange:subfield code="c">Lars G. Lindskog ; oversatt av Lars Alldén</marcxchange:subfield></marcxchange:datafield><marcxchange:datafield tag="260" ind1=" " ind2=" "><marcxchange:subfield code="a">Oslo</marcxchange:subfield><marcxchange:subfield code="b">Universitetsforl.</marcxchange:subfield><marcxchange:subfield code="c">1981</marcxchange:subfield></marcxchange:datafield><marcxchange:datafield tag="300" ind1=" " ind2=" "><marcxchange:subfield code="a">181 s.</marcxchange:subfield><marcxchange:subfield code="b">port.</marcxchange:subfield></marcxchange:datafield><marcxchange:datafield tag="574" ind1=" " ind2=" "><marcxchange:subfield code="a">Originaltittel: Alva Myrdal</marcxchange:subfield></marcxchange:datafield><marcxchange:datafield tag="599" ind1=" " ind2=" "><marcxchange:subfield code="a">xbsj1210</marcxchange:subfield></marcxchange:datafield><marcxchange:datafield tag="600" ind1=" " ind2="1"><marcxchange:subfield code="a">Myrdal, Alva</marcxchange:subfield><marcxchange:subfield code="d">1902-1986</marcxchange:subfield><marcxchange:subfield code="j">sv.</marcxchange:subfield><marcxchange:subfield code="1">948.505092</marcxchange:subfield><marcxchange:subfield code="6">948.505 x</marcxchange:subfield><marcxchange:subfield code="3">13838400</marcxchange:subfield></marcxchange:datafield><marcxchange:datafield tag="699" ind1=" " ind2="2"><marcxchange:subfield code="a">Fred</marcxchange:subfield><marcxchange:subfield code="0">politisk etikk</marcxchange:subfield><marcxchange:subfield code="1">172.4</marcxchange:subfield><marcxchange:subfield code="2">BS</marcxchange:subfield></marcxchange:datafield><marcxchange:datafield tag="850" ind1=" " ind2=" "><marcxchange:subfield code="a">NO-2030000</marcxchange:subfield><marcxchange:subfield code="b">Voksenavdelingen, Hovedbiblioteket</marcxchange:subfield><marcxchange:subfield code="f">9</marcxchange:subfield><marcxchange:subfield code="h">0</marcxchange:subfield><marcxchange:subfield code="x">2012-07-31T13:14+0200</marcxchange:subfield></marcxchange:datafield><marcxchange:datafield tag="996" ind1=" " ind2=" "><marcxchange:subfield code="u">http://www.deich.folkebibl.no/cgi-bin/websok?tnr=223357&amp;sourceid=OAI</marcxchange:subfield><marcxchange:subfield code="t">local</marcxchange:subfield></marcxchange:datafield></marcxchange:record></metadata></record>