<record><header><identifier>oai:bibliofil.no:NO-2030000:226818</identifier><datestamp>2012-02-09</datestamp><setSpec>bibliofil:data</setSpec></header><metadata><marcxchange:record format="normarc" type="Bibliographic" xmlns:marcxchange="info:lc/xmlns/marcxchange-v1"><marcxchange:leader>00983nam  2200277   4500</marcxchange:leader><marcxchange:controlfield tag="001">226818</marcxchange:controlfield><marcxchange:controlfield tag="008">901109                a          0 nob 2  </marcxchange:controlfield><marcxchange:datafield tag="015" ind1=" " ind2=" "><marcxchange:subfield code="a">147632</marcxchange:subfield><marcxchange:subfield code="b">BibliofilID</marcxchange:subfield></marcxchange:datafield><marcxchange:datafield tag="019" ind1=" " ind2=" "><marcxchange:subfield code="b">l</marcxchange:subfield></marcxchange:datafield><marcxchange:datafield tag="020" ind1=" " ind2=" "><marcxchange:subfield code="a">82-7001-753-1</marcxchange:subfield><marcxchange:subfield code="b">h.</marcxchange:subfield></marcxchange:datafield><marcxchange:datafield tag="082" ind1=" " ind2=" "><marcxchange:subfield code="a">658.3</marcxchange:subfield></marcxchange:datafield><marcxchange:datafield tag="082" ind1="3" ind2=" "><marcxchange:subfield code="a">331</marcxchange:subfield><marcxchange:subfield code="z">h</marcxchange:subfield></marcxchange:datafield><marcxchange:datafield tag="090" ind1=" " ind2=" "><marcxchange:subfield code="c">658.3</marcxchange:subfield><marcxchange:subfield code="d">Dav</marcxchange:subfield></marcxchange:datafield><marcxchange:datafield tag="100" ind1=" " ind2="0"><marcxchange:subfield code="a">Davey, Douglas Mackenzie</marcxchange:subfield><marcxchange:subfield code="3">14929400</marcxchange:subfield></marcxchange:datafield><marcxchange:datafield tag="240" ind1="1" ind2="0"><marcxchange:subfield code="a">How to interview, hov to be interviewed</marcxchange:subfield></marcxchange:datafield><marcxchange:datafield tag="245" ind1="1" ind2="0"><marcxchange:subfield code="a">Ansettelsesintervjuet</marcxchange:subfield><marcxchange:subfield code="b">intervjuteknikk - begge veier</marcxchange:subfield><marcxchange:subfield code="c">D. Mackenzie Davey og Patricia McDonnell ; [utgitt av] British institute of management ; [oversatt]</marcxchange:subfield></marcxchange:datafield><marcxchange:datafield tag="260" ind1=" " ind2=" "><marcxchange:subfield code="a">Oslo</marcxchange:subfield><marcxchange:subfield code="b">Hjemmet</marcxchange:subfield><marcxchange:subfield code="c">1981</marcxchange:subfield></marcxchange:datafield><marcxchange:datafield tag="300" ind1=" " ind2=" "><marcxchange:subfield code="a">123 s.</marcxchange:subfield><marcxchange:subfield code="b">ill.</marcxchange:subfield></marcxchange:datafield><marcxchange:datafield tag="500" ind1=" " ind2=" "><marcxchange:subfield code="a">Inneholder bibliografi.</marcxchange:subfield></marcxchange:datafield><marcxchange:datafield tag="574" ind1=" " ind2=" "><marcxchange:subfield code="a">Originaltittel: How to interview, hov to be interviewed.</marcxchange:subfield></marcxchange:datafield><marcxchange:datafield tag="599" ind1=" " ind2=" "><marcxchange:subfield code="a">xAgnar1109</marcxchange:subfield></marcxchange:datafield><marcxchange:datafield tag="650" ind1=" " ind2=" "><marcxchange:subfield code="a">Ansettelse</marcxchange:subfield><marcxchange:subfield code="x">Intervju</marcxchange:subfield><marcxchange:subfield code="1">658.311</marcxchange:subfield><marcxchange:subfield code="4">d5</marcxchange:subfield><marcxchange:subfield code="3">14929500</marcxchange:subfield></marcxchange:datafield><marcxchange:datafield tag="699" ind1=" " ind2="1"><marcxchange:subfield code="a">Arbeidsgiver og arbeidstaker</marcxchange:subfield><marcxchange:subfield code="1">331</marcxchange:subfield><marcxchange:subfield code="2">BS</marcxchange:subfield></marcxchange:datafield><marcxchange:datafield tag="699" ind1=" " ind2="2"><marcxchange:subfield code="a">Ansettelsesintervju</marcxchange:subfield><marcxchange:subfield code="0">personalforvaltning</marcxchange:subfield><marcxchange:subfield code="0">bedriftsøkonomi</marcxchange:subfield><marcxchange:subfield code="1">658.3</marcxchange:subfield><marcxchange:subfield code="2">BS</marcxchange:subfield></marcxchange:datafield><marcxchange:datafield tag="700" ind1=" " ind2=" "><marcxchange:subfield code="a">McDonnell, Patricia</marcxchange:subfield><marcxchange:subfield code="3">14929600</marcxchange:subfield></marcxchange:datafield><marcxchange:datafield tag="850" ind1=" " ind2=" "><marcxchange:subfield code="a">NO-2030000</marcxchange:subfield><marcxchange:subfield code="b">Voksenavdelingen, Hovedbiblioteket</marcxchange:subfield><marcxchange:subfield code="f">9</marcxchange:subfield><marcxchange:subfield code="h">0</marcxchange:subfield><marcxchange:subfield code="x">2012-07-31T13:14+0200</marcxchange:subfield></marcxchange:datafield><marcxchange:datafield tag="850" ind1=" " ind2=" "><marcxchange:subfield code="a">NO-2030000</marcxchange:subfield><marcxchange:subfield code="b">Voksenavdelingen, Hovedbiblioteket</marcxchange:subfield><marcxchange:subfield code="f">9</marcxchange:subfield><marcxchange:subfield code="h">0</marcxchange:subfield><marcxchange:subfield code="x">2012-07-31T13:14+0200</marcxchange:subfield></marcxchange:datafield><marcxchange:datafield tag="996" ind1=" " ind2=" "><marcxchange:subfield code="u">http://www.deich.folkebibl.no/cgi-bin/websok?tnr=226818&amp;sourceid=OAI</marcxchange:subfield><marcxchange:subfield code="t">local</marcxchange:subfield></marcxchange:datafield></marcxchange:record></metadata></record>