<record><header><identifier>oai:bibliofil.no:NO-2030000:234383</identifier><datestamp>2012-02-09</datestamp><setSpec>bibliofil:data</setSpec></header><metadata><marcxchange:record format="normarc" type="Bibliographic" xmlns:marcxchange="info:lc/xmlns/marcxchange-v1"><marcxchange:leader>00722nam  2200217   4500</marcxchange:leader><marcxchange:controlfield tag="001">234383</marcxchange:controlfield><marcxchange:controlfield tag="008">910104                a          0 nob    </marcxchange:controlfield><marcxchange:datafield tag="015" ind1=" " ind2=" "><marcxchange:subfield code="a">159063</marcxchange:subfield><marcxchange:subfield code="b">BibliofilID</marcxchange:subfield></marcxchange:datafield><marcxchange:datafield tag="019" ind1=" " ind2=" "><marcxchange:subfield code="b">l</marcxchange:subfield></marcxchange:datafield><marcxchange:datafield tag="020" ind1=" " ind2=" "><marcxchange:subfield code="a">8241200234</marcxchange:subfield><marcxchange:subfield code="b">h.</marcxchange:subfield><marcxchange:subfield code="c">Nkr.128.00</marcxchange:subfield></marcxchange:datafield><marcxchange:datafield tag="082" ind1="3" ind2=" "><marcxchange:subfield code="a">070.43</marcxchange:subfield></marcxchange:datafield><marcxchange:datafield tag="090" ind1=" " ind2=" "><marcxchange:subfield code="c">070.43</marcxchange:subfield><marcxchange:subfield code="d">Røe</marcxchange:subfield></marcxchange:datafield><marcxchange:datafield tag="100" ind1=" " ind2="0"><marcxchange:subfield code="a">Røe, Knut</marcxchange:subfield><marcxchange:subfield code="d">1949-</marcxchange:subfield><marcxchange:subfield code="j">n.</marcxchange:subfield><marcxchange:subfield code="3">10598100</marcxchange:subfield></marcxchange:datafield><marcxchange:datafield tag="245" ind1="1" ind2="0"><marcxchange:subfield code="a">Intervjuet i radio og fjernsyn</marcxchange:subfield><marcxchange:subfield code="c">Knut Røe [illustrasjoner: Stein Davidsen ; teknisk tegning: Anne Berulfsen]</marcxchange:subfield></marcxchange:datafield><marcxchange:datafield tag="260" ind1=" " ind2=" "><marcxchange:subfield code="a">Sandvika</marcxchange:subfield><marcxchange:subfield code="b">Vett &amp; Viten i samarb. med Norsk rikskringkasting, Personalopplæringen</marcxchange:subfield><marcxchange:subfield code="c">1990</marcxchange:subfield></marcxchange:datafield><marcxchange:datafield tag="300" ind1=" " ind2=" "><marcxchange:subfield code="a">95 s.</marcxchange:subfield><marcxchange:subfield code="b">ill.</marcxchange:subfield></marcxchange:datafield><marcxchange:datafield tag="599" ind1=" " ind2=" "><marcxchange:subfield code="a">a91-2</marcxchange:subfield></marcxchange:datafield><marcxchange:datafield tag="599" ind1=" " ind2=" "><marcxchange:subfield code="a">xjs0301</marcxchange:subfield></marcxchange:datafield><marcxchange:datafield tag="650" ind1=" " ind2=" "><marcxchange:subfield code="a">Intervju</marcxchange:subfield><marcxchange:subfield code="q">Nyhetsmedia</marcxchange:subfield><marcxchange:subfield code="1">070.43</marcxchange:subfield><marcxchange:subfield code="4">d5</marcxchange:subfield><marcxchange:subfield code="3">15572000</marcxchange:subfield></marcxchange:datafield><marcxchange:datafield tag="710" ind1=" " ind2=" "><marcxchange:subfield code="a">Norsk rikskringkasting</marcxchange:subfield><marcxchange:subfield code="b">Personalopplæringen</marcxchange:subfield><marcxchange:subfield code="3">15528800</marcxchange:subfield></marcxchange:datafield><marcxchange:datafield tag="850" ind1=" " ind2=" "><marcxchange:subfield code="a">NO-2030000</marcxchange:subfield><marcxchange:subfield code="b">Voksenavdelingen, Hovedbiblioteket</marcxchange:subfield><marcxchange:subfield code="f">9</marcxchange:subfield><marcxchange:subfield code="h">3</marcxchange:subfield><marcxchange:subfield code="x">2012-07-31T13:14+0200</marcxchange:subfield></marcxchange:datafield><marcxchange:datafield tag="850" ind1=" " ind2=" "><marcxchange:subfield code="a">NO-2030000</marcxchange:subfield><marcxchange:subfield code="b">Holmlia filial</marcxchange:subfield><marcxchange:subfield code="f">9</marcxchange:subfield><marcxchange:subfield code="h">10</marcxchange:subfield><marcxchange:subfield code="x">2012-07-31T13:14+0200</marcxchange:subfield></marcxchange:datafield><marcxchange:datafield tag="850" ind1=" " ind2=" "><marcxchange:subfield code="a">NO-2030000</marcxchange:subfield><marcxchange:subfield code="b">Barne- og ungdomsavdelingen</marcxchange:subfield><marcxchange:subfield code="c">u</marcxchange:subfield><marcxchange:subfield code="f">9</marcxchange:subfield><marcxchange:subfield code="h">0</marcxchange:subfield><marcxchange:subfield code="x">2012-07-31T13:14+0200</marcxchange:subfield></marcxchange:datafield><marcxchange:datafield tag="996" ind1=" " ind2=" "><marcxchange:subfield code="u">http://www.deich.folkebibl.no/cgi-bin/websok?tnr=234383&amp;sourceid=OAI</marcxchange:subfield><marcxchange:subfield code="t">local</marcxchange:subfield></marcxchange:datafield></marcxchange:record></metadata></record><record><header status="deleted"><identifier>oai:bibliofil.no:NO-2030000:241031</identifier><datestamp>2012-02-09</datestamp><setSpec>bibliofil:data</setSpec></header></record><record><header status="deleted"><identifier>oai:bibliofil.no:NO-2030000:241050</identifier><datestamp>2012-02-09</datestamp><setSpec>bibliofil:data</setSpec></header></record><record><header status="deleted"><identifier>oai:bibliofil.no:NO-2030000:241055</identifier><datestamp>2012-02-09</datestamp><setSpec>bibliofil:data</setSpec></header></record><record><header status="deleted"><identifier>oai:bibliofil.no:NO-2030000:241058</identifier><datestamp>2012-02-09</datestamp><setSpec>bibliofil:data</setSpec></header></record><record><header status="deleted"><identifier>oai:bibliofil.no:NO-2030000:241077</identifier><datestamp>2012-02-09</datestamp><setSpec>bibliofil:data</setSpec></header></record><record><header status="deleted"><identifier>oai:bibliofil.no:NO-2030000:241098</identifier><datestamp>2012-02-09</datestamp><setSpec>bibliofil:data</setSpec></header></record><record><header status="deleted"><identifier>oai:bibliofil.no:NO-2030000:241101</identifier><datestamp>2012-02-09</datestamp><setSpec>bibliofil:data</setSpec></header></record><record><header status="deleted"><identifier>oai:bibliofil.no:NO-2030000:241102</identifier><datestamp>2012-02-09</datestamp><setSpec>bibliofil:data</setSpec></header></record><record><header status="deleted"><identifier>oai:bibliofil.no:NO-2030000:241140</identifier><datestamp>2012-02-09</datestamp><setSpec>bibliofil:data</setSpec></header></record><record><header status="deleted"><identifier>oai:bibliofil.no:NO-2030000:241157</identifier><datestamp>2012-02-09</datestamp><setSpec>bibliofil:data</setSpec></header></record><record><header status="deleted"><identifier>oai:bibliofil.no:NO-2030000:241197</identifier><datestamp>2012-02-09</datestamp><setSpec>bibliofil:data</setSpec></header></record><record><header status="deleted"><identifier>oai:bibliofil.no:NO-2030000:241206</identifier><datestamp>2012-02-09</datestamp><setSpec>bibliofil:data</setSpec></header></record><record><header status="deleted"><identifier>oai:bibliofil.no:NO-2030000:241220</identifier><datestamp>2012-02-09</datestamp><setSpec>bibliofil:data</setSpec></header></record><record><header status="deleted"><identifier>oai:bibliofil.no:NO-2030000:241241</identifier><datestamp>2012-02-09</datestamp><setSpec>bibliofil:data</setSpec></header></record><record><header status="deleted"><identifier>oai:bibliofil.no:NO-2030000:241404</identifier><datestamp>2012-02-09</datestamp><setSpec>bibliofil:data</setSpec></header></record><record><header status="deleted"><identifier>oai:bibliofil.no:NO-2030000:241753</identifier><datestamp>2012-02-09</datestamp><setSpec>bibliofil:data</setSpec></header></record><record><header status="deleted"><identifier>oai:bibliofil.no:NO-2030000:241804</identifier><datestamp>2012-02-09</datestamp><setSpec>bibliofil:data</setSpec></header></record>