<record><header><identifier>oai:bibliofil.no:NO-2030000:250678</identifier><datestamp>2012-02-09</datestamp><setSpec>bibliofil:data</setSpec></header><metadata><marcxchange:record format="normarc" type="Bibliographic" xmlns:marcxchange="info:lc/xmlns/marcxchange-v1"><marcxchange:leader>00741nam  2200253   4500</marcxchange:leader><marcxchange:controlfield tag="001">250678</marcxchange:controlfield><marcxchange:controlfield tag="008">910406                a          0 swe    </marcxchange:controlfield><marcxchange:datafield tag="015" ind1=" " ind2=" "><marcxchange:subfield code="a">187390</marcxchange:subfield><marcxchange:subfield code="b">BibliofilID</marcxchange:subfield></marcxchange:datafield><marcxchange:datafield tag="019" ind1=" " ind2=" "><marcxchange:subfield code="b">l</marcxchange:subfield></marcxchange:datafield><marcxchange:datafield tag="020" ind1=" " ind2=" "><marcxchange:subfield code="a">9129506239</marcxchange:subfield><marcxchange:subfield code="b">h.</marcxchange:subfield></marcxchange:datafield><marcxchange:datafield tag="082" ind1="3" ind2=" "><marcxchange:subfield code="a">327.174</marcxchange:subfield></marcxchange:datafield><marcxchange:datafield tag="090" ind1=" " ind2=" "><marcxchange:subfield code="c">327.174</marcxchange:subfield><marcxchange:subfield code="d">Myr/2.oppl.</marcxchange:subfield></marcxchange:datafield><marcxchange:datafield tag="100" ind1=" " ind2="0"><marcxchange:subfield code="a">Myrdal, Alva</marcxchange:subfield><marcxchange:subfield code="d">1902-1986</marcxchange:subfield><marcxchange:subfield code="j">sv.</marcxchange:subfield><marcxchange:subfield code="1">948.505092</marcxchange:subfield><marcxchange:subfield code="6">948.505 x</marcxchange:subfield><marcxchange:subfield code="3">13838400</marcxchange:subfield></marcxchange:datafield><marcxchange:datafield tag="240" ind1="1" ind2="0"><marcxchange:subfield code="a">The game of disarmament</marcxchange:subfield></marcxchange:datafield><marcxchange:datafield tag="245" ind1="1" ind2="0"><marcxchange:subfield code="a">Spelet om nedrustningen</marcxchange:subfield><marcxchange:subfield code="c">översättning av Olof Hoffsten</marcxchange:subfield></marcxchange:datafield><marcxchange:datafield tag="250" ind1=" " ind2=" "><marcxchange:subfield code="a">2. oppl.</marcxchange:subfield></marcxchange:datafield><marcxchange:datafield tag="260" ind1=" " ind2=" "><marcxchange:subfield code="a">[Sthm]</marcxchange:subfield><marcxchange:subfield code="b">Rabén &amp; Sjögren</marcxchange:subfield><marcxchange:subfield code="c">1978</marcxchange:subfield></marcxchange:datafield><marcxchange:datafield tag="300" ind1=" " ind2=" "><marcxchange:subfield code="a">443 s.</marcxchange:subfield></marcxchange:datafield><marcxchange:datafield tag="440" ind1=" " ind2="0"><marcxchange:subfield code="a">Store tema nova</marcxchange:subfield><marcxchange:subfield code="3">16814000</marcxchange:subfield></marcxchange:datafield><marcxchange:datafield tag="500" ind1=" " ind2=" "><marcxchange:subfield code="a">Inneholder bibliografi</marcxchange:subfield></marcxchange:datafield><marcxchange:datafield tag="574" ind1=" " ind2=" "><marcxchange:subfield code="a">Originaltittel: The game of disarmament</marcxchange:subfield></marcxchange:datafield><marcxchange:datafield tag="599" ind1=" " ind2=" "><marcxchange:subfield code="a">r91 xTS0514</marcxchange:subfield></marcxchange:datafield><marcxchange:datafield tag="650" ind1=" " ind2="1"><marcxchange:subfield code="a">Nedrustning</marcxchange:subfield><marcxchange:subfield code="1">327.174</marcxchange:subfield><marcxchange:subfield code="4">d5</marcxchange:subfield><marcxchange:subfield code="3">13838000</marcxchange:subfield></marcxchange:datafield><marcxchange:datafield tag="850" ind1=" " ind2=" "><marcxchange:subfield code="a">NO-2030000</marcxchange:subfield><marcxchange:subfield code="b">Voksenavdelingen, Hovedbiblioteket</marcxchange:subfield><marcxchange:subfield code="f">9</marcxchange:subfield><marcxchange:subfield code="h">0</marcxchange:subfield><marcxchange:subfield code="x">2012-07-31T13:14+0200</marcxchange:subfield></marcxchange:datafield><marcxchange:datafield tag="850" ind1=" " ind2=" "><marcxchange:subfield code="a">NO-2030000</marcxchange:subfield><marcxchange:subfield code="b">Voksenavdelingen, Hovedbiblioteket</marcxchange:subfield><marcxchange:subfield code="f">9</marcxchange:subfield><marcxchange:subfield code="h">0</marcxchange:subfield><marcxchange:subfield code="x">2012-07-31T13:14+0200</marcxchange:subfield></marcxchange:datafield><marcxchange:datafield tag="996" ind1=" " ind2=" "><marcxchange:subfield code="u">http://www.deich.folkebibl.no/cgi-bin/websok?tnr=250678&amp;sourceid=OAI</marcxchange:subfield><marcxchange:subfield code="t">local</marcxchange:subfield></marcxchange:datafield></marcxchange:record></metadata></record>