<record><header><identifier>oai:bibliofil.no:NO-2030000:250796</identifier><datestamp>2012-02-09</datestamp><setSpec>bibliofil:data</setSpec></header><metadata><marcxchange:record format="normarc" type="Bibliographic" xmlns:marcxchange="info:lc/xmlns/marcxchange-v1"><marcxchange:leader>00614nam  2200217   4500</marcxchange:leader><marcxchange:controlfield tag="001">250796</marcxchange:controlfield><marcxchange:controlfield tag="008">910408                a          01nob    </marcxchange:controlfield><marcxchange:datafield tag="015" ind1=" " ind2=" "><marcxchange:subfield code="a">187594</marcxchange:subfield><marcxchange:subfield code="b">BibliofilID</marcxchange:subfield></marcxchange:datafield><marcxchange:datafield tag="019" ind1=" " ind2=" "><marcxchange:subfield code="b">l</marcxchange:subfield></marcxchange:datafield><marcxchange:datafield tag="082" ind1="3" ind2=" "><marcxchange:subfield code="a">923.2</marcxchange:subfield></marcxchange:datafield><marcxchange:datafield tag="090" ind1=" " ind2=" "><marcxchange:subfield code="c">923.2</marcxchange:subfield><marcxchange:subfield code="d">Lincoln, A.</marcxchange:subfield></marcxchange:datafield><marcxchange:datafield tag="100" ind1=" " ind2="0"><marcxchange:subfield code="a">Carnegie, Dale</marcxchange:subfield><marcxchange:subfield code="d">1888-1955</marcxchange:subfield><marcxchange:subfield code="j">am.</marcxchange:subfield><marcxchange:subfield code="3">18914800</marcxchange:subfield></marcxchange:datafield><marcxchange:datafield tag="240" ind1="1" ind2="0"><marcxchange:subfield code="a">Lincoln, the unknown</marcxchange:subfield></marcxchange:datafield><marcxchange:datafield tag="245" ind1="1" ind2="0"><marcxchange:subfield code="a">Lincoln</marcxchange:subfield><marcxchange:subfield code="c">overs. av Jo Ørjasæter</marcxchange:subfield></marcxchange:datafield><marcxchange:datafield tag="260" ind1=" " ind2=" "><marcxchange:subfield code="a">Oslo</marcxchange:subfield><marcxchange:subfield code="b">Gyldendal</marcxchange:subfield><marcxchange:subfield code="c">1955</marcxchange:subfield></marcxchange:datafield><marcxchange:datafield tag="300" ind1=" " ind2=" "><marcxchange:subfield code="a">270 s.</marcxchange:subfield></marcxchange:datafield><marcxchange:datafield tag="440" ind1=" " ind2="0"><marcxchange:subfield code="a">Berømte biografier</marcxchange:subfield><marcxchange:subfield code="3">14573900</marcxchange:subfield></marcxchange:datafield><marcxchange:datafield tag="574" ind1=" " ind2=" "><marcxchange:subfield code="a">Originaltittel: Lincoln, the unknown</marcxchange:subfield></marcxchange:datafield><marcxchange:datafield tag="599" ind1=" " ind2=" "><marcxchange:subfield code="a">r91 xat0311</marcxchange:subfield></marcxchange:datafield><marcxchange:datafield tag="600" ind1=" " ind2=" "><marcxchange:subfield code="a">Lincoln, Abraham</marcxchange:subfield><marcxchange:subfield code="d">1809-1865</marcxchange:subfield><marcxchange:subfield code="j">am.</marcxchange:subfield><marcxchange:subfield code="1">973.7092</marcxchange:subfield><marcxchange:subfield code="6">973.7 x</marcxchange:subfield><marcxchange:subfield code="3">16823600</marcxchange:subfield></marcxchange:datafield><marcxchange:datafield tag="850" ind1=" " ind2=" "><marcxchange:subfield code="a">NO-2030000</marcxchange:subfield><marcxchange:subfield code="b">Voksenavdelingen, Hovedbiblioteket</marcxchange:subfield><marcxchange:subfield code="f">9</marcxchange:subfield><marcxchange:subfield code="h">0</marcxchange:subfield><marcxchange:subfield code="x">2012-07-31T13:14+0200</marcxchange:subfield></marcxchange:datafield><marcxchange:datafield tag="850" ind1=" " ind2=" "><marcxchange:subfield code="a">NO-2030000</marcxchange:subfield><marcxchange:subfield code="b">Voksenavdelingen, Hovedbiblioteket</marcxchange:subfield><marcxchange:subfield code="f">9</marcxchange:subfield><marcxchange:subfield code="h">0</marcxchange:subfield><marcxchange:subfield code="x">2012-07-31T13:14+0200</marcxchange:subfield></marcxchange:datafield><marcxchange:datafield tag="850" ind1=" " ind2=" "><marcxchange:subfield code="a">NO-2030000</marcxchange:subfield><marcxchange:subfield code="b">Voksenavdelingen, Hovedbiblioteket</marcxchange:subfield><marcxchange:subfield code="f">9</marcxchange:subfield><marcxchange:subfield code="h">0</marcxchange:subfield><marcxchange:subfield code="x">2012-07-31T13:14+0200</marcxchange:subfield></marcxchange:datafield><marcxchange:datafield tag="996" ind1=" " ind2=" "><marcxchange:subfield code="u">http://www.deich.folkebibl.no/cgi-bin/websok?tnr=250796&amp;sourceid=OAI</marcxchange:subfield><marcxchange:subfield code="t">local</marcxchange:subfield></marcxchange:datafield></marcxchange:record></metadata></record>