<record><header><identifier>oai:bibliofil.no:NO-2030000:254555</identifier><datestamp>2012-02-09</datestamp><setSpec>bibliofil:data</setSpec></header><metadata><marcxchange:record format="normarc" type="Bibliographic" xmlns:marcxchange="info:lc/xmlns/marcxchange-v1"><marcxchange:leader>00627nam  2200217   4500</marcxchange:leader><marcxchange:controlfield tag="001">254555</marcxchange:controlfield><marcxchange:controlfield tag="008">910506                a          0 nob    </marcxchange:controlfield><marcxchange:datafield tag="015" ind1=" " ind2=" "><marcxchange:subfield code="a">193815</marcxchange:subfield><marcxchange:subfield code="b">BibliofilID</marcxchange:subfield></marcxchange:datafield><marcxchange:datafield tag="019" ind1=" " ind2=" "><marcxchange:subfield code="b">l</marcxchange:subfield></marcxchange:datafield><marcxchange:datafield tag="082" ind1="3" ind2=" "><marcxchange:subfield code="a">312</marcxchange:subfield></marcxchange:datafield><marcxchange:datafield tag="090" ind1=" " ind2=" "><marcxchange:subfield code="c">312</marcxchange:subfield><marcxchange:subfield code="d">Myr</marcxchange:subfield></marcxchange:datafield><marcxchange:datafield tag="100" ind1=" " ind2="0"><marcxchange:subfield code="a">Myrdal, Alva</marcxchange:subfield><marcxchange:subfield code="d">1902-1986</marcxchange:subfield><marcxchange:subfield code="j">sv.</marcxchange:subfield><marcxchange:subfield code="1">948.505092</marcxchange:subfield><marcxchange:subfield code="6">948.505 x</marcxchange:subfield><marcxchange:subfield code="3">13838400</marcxchange:subfield></marcxchange:datafield><marcxchange:datafield tag="245" ind1="1" ind2="0"><marcxchange:subfield code="a">Krisen i befolkningsspørsmålet</marcxchange:subfield><marcxchange:subfield code="b">Av Alva Myrdal og Gunnar Myrdal</marcxchange:subfield></marcxchange:datafield><marcxchange:datafield tag="250" ind1=" " ind2=" "><marcxchange:subfield code="a">Norsk utg.</marcxchange:subfield></marcxchange:datafield><marcxchange:datafield tag="260" ind1=" " ind2=" "><marcxchange:subfield code="a">Oslo</marcxchange:subfield><marcxchange:subfield code="b">Tiden</marcxchange:subfield><marcxchange:subfield code="c">1936</marcxchange:subfield></marcxchange:datafield><marcxchange:datafield tag="300" ind1=" " ind2=" "><marcxchange:subfield code="a">404s.</marcxchange:subfield><marcxchange:subfield code="b">tab.</marcxchange:subfield></marcxchange:datafield><marcxchange:datafield tag="599" ind1=" " ind2=" "><marcxchange:subfield code="a">xbsl0506</marcxchange:subfield></marcxchange:datafield><marcxchange:datafield tag="650" ind1=" " ind2=" "><marcxchange:subfield code="a">Befolkning</marcxchange:subfield><marcxchange:subfield code="0">sosiologi</marcxchange:subfield><marcxchange:subfield code="1">304.6</marcxchange:subfield><marcxchange:subfield code="4">d5</marcxchange:subfield><marcxchange:subfield code="6">301.32 z</marcxchange:subfield><marcxchange:subfield code="3">16057500</marcxchange:subfield></marcxchange:datafield><marcxchange:datafield tag="650" ind1=" " ind2=" "><marcxchange:subfield code="a">Norge</marcxchange:subfield><marcxchange:subfield code="x">Samfunnsforhold</marcxchange:subfield><marcxchange:subfield code="x">1905-1940</marcxchange:subfield><marcxchange:subfield code="3">17069100</marcxchange:subfield></marcxchange:datafield><marcxchange:datafield tag="700" ind1=" " ind2="2"><marcxchange:subfield code="a">Myrdal, Gunnar</marcxchange:subfield><marcxchange:subfield code="3">17133100</marcxchange:subfield></marcxchange:datafield><marcxchange:datafield tag="850" ind1=" " ind2=" "><marcxchange:subfield code="a">NO-2030000</marcxchange:subfield><marcxchange:subfield code="b">Voksenavdelingen, Hovedbiblioteket</marcxchange:subfield><marcxchange:subfield code="c">m</marcxchange:subfield><marcxchange:subfield code="f">9</marcxchange:subfield><marcxchange:subfield code="h">0</marcxchange:subfield><marcxchange:subfield code="x">2012-07-31T13:14+0200</marcxchange:subfield></marcxchange:datafield><marcxchange:datafield tag="996" ind1=" " ind2=" "><marcxchange:subfield code="u">http://www.deich.folkebibl.no/cgi-bin/websok?tnr=254555&amp;sourceid=OAI</marcxchange:subfield><marcxchange:subfield code="t">local</marcxchange:subfield></marcxchange:datafield></marcxchange:record></metadata></record>