<record><header><identifier>oai:bibliofil.no:NO-2030000:255767</identifier><datestamp>2012-02-09</datestamp><setSpec>bibliofil:data</setSpec></header><metadata><marcxchange:record format="normarc" type="Bibliographic" xmlns:marcxchange="info:lc/xmlns/marcxchange-v1"><marcxchange:leader>00752nam  2200229   4500</marcxchange:leader><marcxchange:controlfield tag="001">255767</marcxchange:controlfield><marcxchange:controlfield tag="008">910513                a          1 nob    </marcxchange:controlfield><marcxchange:datafield tag="015" ind1=" " ind2=" "><marcxchange:subfield code="a">195867</marcxchange:subfield><marcxchange:subfield code="b">BibliofilID</marcxchange:subfield></marcxchange:datafield><marcxchange:datafield tag="019" ind1=" " ind2=" "><marcxchange:subfield code="b">l</marcxchange:subfield><marcxchange:subfield code="d">AD</marcxchange:subfield></marcxchange:datafield><marcxchange:datafield tag="020" ind1=" " ind2=" "><marcxchange:subfield code="a">8209013718</marcxchange:subfield></marcxchange:datafield><marcxchange:datafield tag="090" ind1=" " ind2=" "><marcxchange:subfield code="b">AD Føn/1</marcxchange:subfield></marcxchange:datafield><marcxchange:datafield tag="245" ind1="0" ind2="0"><marcxchange:subfield code="a">Fønixfuglen og dragen</marcxchange:subfield><marcxchange:subfield code="b">klassisk kinesisk poesi i norsk gjendiktning, første samling [220-419]</marcxchange:subfield></marcxchange:datafield><marcxchange:datafield tag="260" ind1=" " ind2=" "><marcxchange:subfield code="a">[Oslo]</marcxchange:subfield><marcxchange:subfield code="b">Dreyer</marcxchange:subfield><marcxchange:subfield code="c">1977-</marcxchange:subfield></marcxchange:datafield><marcxchange:datafield tag="500" ind1=" " ind2=" "><marcxchange:subfield code="a">Av innholdet: [om kinesisk poesi], s.7-130</marcxchange:subfield></marcxchange:datafield><marcxchange:datafield tag="500" ind1=" " ind2=" "><marcxchange:subfield code="a">Inneholder bibliografi</marcxchange:subfield></marcxchange:datafield><marcxchange:datafield tag="599" ind1=" " ind2=" "><marcxchange:subfield code="a">xje0513</marcxchange:subfield></marcxchange:datafield><marcxchange:datafield tag="599" ind1=" " ind2=" "><marcxchange:subfield code="a">zretting</marcxchange:subfield></marcxchange:datafield><marcxchange:datafield tag="650" ind1=" " ind2="3"><marcxchange:subfield code="a">Kinesisk poesi</marcxchange:subfield><marcxchange:subfield code="x">Historie og kritikk</marcxchange:subfield><marcxchange:subfield code="1">895.1109</marcxchange:subfield><marcxchange:subfield code="4">d5</marcxchange:subfield><marcxchange:subfield code="3">17238400</marcxchange:subfield></marcxchange:datafield><marcxchange:datafield tag="655" ind1=" " ind2=" "><marcxchange:subfield code="a">Kinesisk poesi</marcxchange:subfield><marcxchange:subfield code="x">Samlinger</marcxchange:subfield><marcxchange:subfield code="1">895.11008</marcxchange:subfield><marcxchange:subfield code="6">895.1 x</marcxchange:subfield><marcxchange:subfield code="3">14875400</marcxchange:subfield></marcxchange:datafield><marcxchange:datafield tag="700" ind1=" " ind2=" "><marcxchange:subfield code="a">Dørumsgaard, Arne</marcxchange:subfield><marcxchange:subfield code="d">1921-2006</marcxchange:subfield><marcxchange:subfield code="j">n.</marcxchange:subfield><marcxchange:subfield code="w">Dørumsgård, Arne</marcxchange:subfield><marcxchange:subfield code="3">13107800</marcxchange:subfield></marcxchange:datafield><marcxchange:datafield tag="700" ind1=" " ind2=" "><marcxchange:subfield code="a">zzz</marcxchange:subfield><marcxchange:subfield code="j">kin.</marcxchange:subfield><marcxchange:subfield code="3">14758600</marcxchange:subfield></marcxchange:datafield><marcxchange:datafield tag="850" ind1=" " ind2=" "><marcxchange:subfield code="a">NO-2030000</marcxchange:subfield><marcxchange:subfield code="b">Voksenavdelingen, Hovedbiblioteket</marcxchange:subfield><marcxchange:subfield code="f">9</marcxchange:subfield><marcxchange:subfield code="h">0</marcxchange:subfield><marcxchange:subfield code="x">2012-07-31T13:14+0200</marcxchange:subfield></marcxchange:datafield><marcxchange:datafield tag="850" ind1=" " ind2=" "><marcxchange:subfield code="a">NO-2030000</marcxchange:subfield><marcxchange:subfield code="b">Majorstuen filial</marcxchange:subfield><marcxchange:subfield code="f">9</marcxchange:subfield><marcxchange:subfield code="h">0</marcxchange:subfield><marcxchange:subfield code="x">2012-07-31T13:14+0200</marcxchange:subfield></marcxchange:datafield><marcxchange:datafield tag="850" ind1=" " ind2=" "><marcxchange:subfield code="a">NO-2030000</marcxchange:subfield><marcxchange:subfield code="b">Voksenavdelingen, Hovedbiblioteket</marcxchange:subfield><marcxchange:subfield code="f">9</marcxchange:subfield><marcxchange:subfield code="h">0</marcxchange:subfield><marcxchange:subfield code="x">2012-07-31T13:14+0200</marcxchange:subfield></marcxchange:datafield><marcxchange:datafield tag="996" ind1=" " ind2=" "><marcxchange:subfield code="u">http://www.deich.folkebibl.no/cgi-bin/websok?tnr=255767&amp;sourceid=OAI</marcxchange:subfield><marcxchange:subfield code="t">local</marcxchange:subfield></marcxchange:datafield></marcxchange:record></metadata></record>