<record><header><identifier>oai:bibliofil.no:NO-2030000:279267</identifier><datestamp>2012-02-09</datestamp><setSpec>bibliofil:data</setSpec></header><metadata><marcxchange:record format="normarc" type="Bibliographic" xmlns:marcxchange="info:lc/xmlns/marcxchange-v1"><marcxchange:leader>00657nam  2200217   4500</marcxchange:leader><marcxchange:controlfield tag="001">279267</marcxchange:controlfield><marcxchange:controlfield tag="008">910905                a          0 nob 2  </marcxchange:controlfield><marcxchange:datafield tag="015" ind1=" " ind2=" "><marcxchange:subfield code="a">234714</marcxchange:subfield><marcxchange:subfield code="b">BibliofilID</marcxchange:subfield></marcxchange:datafield><marcxchange:datafield tag="019" ind1=" " ind2=" "><marcxchange:subfield code="b">l</marcxchange:subfield></marcxchange:datafield><marcxchange:datafield tag="020" ind1=" " ind2=" "><marcxchange:subfield code="a">82-518-2499-0</marcxchange:subfield><marcxchange:subfield code="b">h.</marcxchange:subfield><marcxchange:subfield code="c">Nkr 118.00</marcxchange:subfield></marcxchange:datafield><marcxchange:datafield tag="082" ind1="3" ind2=" "><marcxchange:subfield code="a">650.14</marcxchange:subfield><marcxchange:subfield code="z">h</marcxchange:subfield></marcxchange:datafield><marcxchange:datafield tag="090" ind1=" " ind2=" "><marcxchange:subfield code="a">+r</marcxchange:subfield><marcxchange:subfield code="b">q</marcxchange:subfield><marcxchange:subfield code="c">650.14</marcxchange:subfield><marcxchange:subfield code="d">Joh</marcxchange:subfield></marcxchange:datafield><marcxchange:datafield tag="100" ind1=" " ind2="0"><marcxchange:subfield code="a">Johnsen, Paul</marcxchange:subfield><marcxchange:subfield code="j">n.</marcxchange:subfield><marcxchange:subfield code="3">19111700</marcxchange:subfield></marcxchange:datafield><marcxchange:datafield tag="245" ind1="1" ind2="0"><marcxchange:subfield code="a">Ny jobb</marcxchange:subfield><marcxchange:subfield code="b">søknaden, intervjuet, vurdering av arbeidsmarkedet</marcxchange:subfield><marcxchange:subfield code="c">Paul Johnsen</marcxchange:subfield></marcxchange:datafield><marcxchange:datafield tag="260" ind1=" " ind2=" "><marcxchange:subfield code="a">[Oslo]</marcxchange:subfield><marcxchange:subfield code="b">TANO</marcxchange:subfield><marcxchange:subfield code="c">1988</marcxchange:subfield></marcxchange:datafield><marcxchange:datafield tag="300" ind1=" " ind2=" "><marcxchange:subfield code="a">91 s.</marcxchange:subfield><marcxchange:subfield code="b">ill., faks., fig.</marcxchange:subfield></marcxchange:datafield><marcxchange:datafield tag="599" ind1=" " ind2=" "><marcxchange:subfield code="a">r91 xkb0906</marcxchange:subfield></marcxchange:datafield><marcxchange:datafield tag="650" ind1=" " ind2="1"><marcxchange:subfield code="a">Arbeidssøking</marcxchange:subfield><marcxchange:subfield code="1">650.1</marcxchange:subfield><marcxchange:subfield code="4">d5</marcxchange:subfield><marcxchange:subfield code="6">650.14 x</marcxchange:subfield><marcxchange:subfield code="3">28533500</marcxchange:subfield></marcxchange:datafield><marcxchange:datafield tag="650" ind1=" " ind2="2"><marcxchange:subfield code="a">Ansettelse</marcxchange:subfield><marcxchange:subfield code="x">Intervju</marcxchange:subfield><marcxchange:subfield code="1">658.311</marcxchange:subfield><marcxchange:subfield code="4">d5</marcxchange:subfield><marcxchange:subfield code="3">14929500</marcxchange:subfield></marcxchange:datafield><marcxchange:datafield tag="699" ind1=" " ind2=" "><marcxchange:subfield code="a">Arbeidssøking</marcxchange:subfield><marcxchange:subfield code="1">650.1</marcxchange:subfield><marcxchange:subfield code="2">BS</marcxchange:subfield></marcxchange:datafield><marcxchange:datafield tag="850" ind1=" " ind2=" "><marcxchange:subfield code="a">NO-2030000</marcxchange:subfield><marcxchange:subfield code="b">Voksenavdelingen, Hovedbiblioteket</marcxchange:subfield><marcxchange:subfield code="f">9</marcxchange:subfield><marcxchange:subfield code="h">0</marcxchange:subfield><marcxchange:subfield code="x">2012-07-31T13:14+0200</marcxchange:subfield></marcxchange:datafield><marcxchange:datafield tag="996" ind1=" " ind2=" "><marcxchange:subfield code="u">http://www.deich.folkebibl.no/cgi-bin/websok?tnr=279267&amp;sourceid=OAI</marcxchange:subfield><marcxchange:subfield code="t">local</marcxchange:subfield></marcxchange:datafield></marcxchange:record></metadata></record>