<record><header><identifier>oai:bibliofil.no:NO-2030000:291940</identifier><datestamp>2012-02-09</datestamp><setSpec>bibliofil:data</setSpec></header><metadata><marcxchange:record format="normarc" type="Bibliographic" xmlns:marcxchange="info:lc/xmlns/marcxchange-v1"><marcxchange:leader>00919nam  2200277   4500</marcxchange:leader><marcxchange:controlfield tag="001">291940</marcxchange:controlfield><marcxchange:controlfield tag="008">911021                a          01ger    </marcxchange:controlfield><marcxchange:datafield tag="015" ind1=" " ind2=" "><marcxchange:subfield code="a">258377</marcxchange:subfield><marcxchange:subfield code="b">BibliofilID</marcxchange:subfield></marcxchange:datafield><marcxchange:datafield tag="019" ind1=" " ind2=" "><marcxchange:subfield code="b">l</marcxchange:subfield></marcxchange:datafield><marcxchange:datafield tag="082" ind1="3" ind2=" "><marcxchange:subfield code="a">923.2</marcxchange:subfield></marcxchange:datafield><marcxchange:datafield tag="090" ind1=" " ind2=" "><marcxchange:subfield code="c">923.2</marcxchange:subfield><marcxchange:subfield code="d">Ludwig, E.</marcxchange:subfield></marcxchange:datafield><marcxchange:datafield tag="100" ind1=" " ind2="0"><marcxchange:subfield code="a">Ludwig, Emil</marcxchange:subfield><marcxchange:subfield code="d">1881-1948</marcxchange:subfield><marcxchange:subfield code="j">t.</marcxchange:subfield><marcxchange:subfield code="3">21642400</marcxchange:subfield></marcxchange:datafield><marcxchange:datafield tag="245" ind1="1" ind2="0"><marcxchange:subfield code="a">Fürer Europas</marcxchange:subfield><marcxchange:subfield code="b">nach der natur gezeichnet</marcxchange:subfield></marcxchange:datafield><marcxchange:datafield tag="260" ind1=" " ind2=" "><marcxchange:subfield code="a">Amst.</marcxchange:subfield><marcxchange:subfield code="b">Querido</marcxchange:subfield><marcxchange:subfield code="c">1934</marcxchange:subfield></marcxchange:datafield><marcxchange:datafield tag="300" ind1=" " ind2=" "><marcxchange:subfield code="a">328 s.</marcxchange:subfield></marcxchange:datafield><marcxchange:datafield tag="599" ind1=" " ind2=" "><marcxchange:subfield code="a">r91 xTS1021</marcxchange:subfield></marcxchange:datafield><marcxchange:datafield tag="600" ind1=" " ind2=" "><marcxchange:subfield code="a">Briand, Aristide</marcxchange:subfield><marcxchange:subfield code="d">1862-1932</marcxchange:subfield><marcxchange:subfield code="3">20108100</marcxchange:subfield></marcxchange:datafield><marcxchange:datafield tag="600" ind1=" " ind2=" "><marcxchange:subfield code="a">Lloyd George, David</marcxchange:subfield><marcxchange:subfield code="d">1863-1945</marcxchange:subfield><marcxchange:subfield code="j">eng.</marcxchange:subfield><marcxchange:subfield code="3">20106800</marcxchange:subfield></marcxchange:datafield><marcxchange:datafield tag="600" ind1=" " ind2=" "><marcxchange:subfield code="a">Masaryk, Thomas Garrigue</marcxchange:subfield><marcxchange:subfield code="d">1850-1937</marcxchange:subfield><marcxchange:subfield code="3">11494200</marcxchange:subfield></marcxchange:datafield><marcxchange:datafield tag="600" ind1=" " ind2=" "><marcxchange:subfield code="a">Motta, Giuseppe</marcxchange:subfield><marcxchange:subfield code="d">1871-</marcxchange:subfield><marcxchange:subfield code="3">20108300</marcxchange:subfield></marcxchange:datafield><marcxchange:datafield tag="600" ind1=" " ind2=" "><marcxchange:subfield code="a">Mussolini, Benito</marcxchange:subfield><marcxchange:subfield code="d">1883-1945</marcxchange:subfield><marcxchange:subfield code="j">it.</marcxchange:subfield><marcxchange:subfield code="1">945.091092</marcxchange:subfield><marcxchange:subfield code="4">d5</marcxchange:subfield><marcxchange:subfield code="6">945.091 x</marcxchange:subfield><marcxchange:subfield code="3">14757500</marcxchange:subfield></marcxchange:datafield><marcxchange:datafield tag="600" ind1=" " ind2=" "><marcxchange:subfield code="a">Rathenau, Walter</marcxchange:subfield><marcxchange:subfield code="d">1867-1922</marcxchange:subfield><marcxchange:subfield code="j">t.</marcxchange:subfield><marcxchange:subfield code="3">21913000</marcxchange:subfield></marcxchange:datafield><marcxchange:datafield tag="600" ind1=" " ind2=" "><marcxchange:subfield code="a">Stalin, Josef</marcxchange:subfield><marcxchange:subfield code="d">1879-1953</marcxchange:subfield><marcxchange:subfield code="j">r.</marcxchange:subfield><marcxchange:subfield code="1">947.0842</marcxchange:subfield><marcxchange:subfield code="4">d21</marcxchange:subfield><marcxchange:subfield code="6">947.084 z</marcxchange:subfield><marcxchange:subfield code="3">17698900</marcxchange:subfield></marcxchange:datafield><marcxchange:datafield tag="600" ind1=" " ind2=" "><marcxchange:subfield code="a">Venizelos, Eleutherios</marcxchange:subfield><marcxchange:subfield code="d">1864-</marcxchange:subfield><marcxchange:subfield code="3">20108500</marcxchange:subfield></marcxchange:datafield><marcxchange:datafield tag="600" ind1=" " ind2="1"><marcxchange:subfield code="a">Nansen, Fridtjof</marcxchange:subfield><marcxchange:subfield code="d">1861-1930</marcxchange:subfield><marcxchange:subfield code="j">n.</marcxchange:subfield><marcxchange:subfield code="1">919.8</marcxchange:subfield><marcxchange:subfield code="6">923.9 z</marcxchange:subfield><marcxchange:subfield code="3">10388300</marcxchange:subfield></marcxchange:datafield><marcxchange:datafield tag="850" ind1=" " ind2=" "><marcxchange:subfield code="a">NO-2030000</marcxchange:subfield><marcxchange:subfield code="b">Voksenavdelingen, Hovedbiblioteket</marcxchange:subfield><marcxchange:subfield code="c">m</marcxchange:subfield><marcxchange:subfield code="f">9</marcxchange:subfield><marcxchange:subfield code="h">0</marcxchange:subfield><marcxchange:subfield code="x">2012-07-31T13:14+0200</marcxchange:subfield></marcxchange:datafield><marcxchange:datafield tag="996" ind1=" " ind2=" "><marcxchange:subfield code="u">http://www.deich.folkebibl.no/cgi-bin/websok?tnr=291940&amp;sourceid=OAI</marcxchange:subfield><marcxchange:subfield code="t">local</marcxchange:subfield></marcxchange:datafield></marcxchange:record></metadata></record>