<record><header><identifier>oai:bibliofil.no:NO-2030000:292926</identifier><datestamp>2012-02-09</datestamp><setSpec>bibliofil:data</setSpec></header><metadata><marcxchange:record format="normarc" type="Bibliographic" xmlns:marcxchange="info:lc/xmlns/marcxchange-v1"><marcxchange:leader>00794nam  2200229   4500</marcxchange:leader><marcxchange:controlfield tag="001">292926</marcxchange:controlfield><marcxchange:controlfield tag="008">911022                a          01nob    </marcxchange:controlfield><marcxchange:datafield tag="015" ind1=" " ind2=" "><marcxchange:subfield code="a">260689</marcxchange:subfield><marcxchange:subfield code="b">BibliofilID</marcxchange:subfield></marcxchange:datafield><marcxchange:datafield tag="019" ind1=" " ind2=" "><marcxchange:subfield code="b">l</marcxchange:subfield></marcxchange:datafield><marcxchange:datafield tag="082" ind1="3" ind2=" "><marcxchange:subfield code="a">923.2</marcxchange:subfield></marcxchange:datafield><marcxchange:datafield tag="090" ind1=" " ind2=" "><marcxchange:subfield code="c">923.2</marcxchange:subfield><marcxchange:subfield code="d">Mussolini, B.</marcxchange:subfield></marcxchange:datafield><marcxchange:datafield tag="100" ind1=" " ind2="0"><marcxchange:subfield code="a">Dumbrowski, Roman</marcxchange:subfield><marcxchange:subfield code="c">psevd. for Roman Dabrowski</marcxchange:subfield><marcxchange:subfield code="3">20192500</marcxchange:subfield></marcxchange:datafield><marcxchange:datafield tag="240" ind1="1" ind2="0"><marcxchange:subfield code="a">Sto dni Mussoliniego</marcxchange:subfield></marcxchange:datafield><marcxchange:datafield tag="245" ind1="1" ind2="0"><marcxchange:subfield code="a">Mussolini mot muren</marcxchange:subfield><marcxchange:subfield code="c">Overs. fra engelsk av Thomas Torsvik</marcxchange:subfield></marcxchange:datafield><marcxchange:datafield tag="260" ind1=" " ind2=" "><marcxchange:subfield code="a">Bergen</marcxchange:subfield><marcxchange:subfield code="b">Grieg</marcxchange:subfield><marcxchange:subfield code="c">1957</marcxchange:subfield></marcxchange:datafield><marcxchange:datafield tag="300" ind1=" " ind2=" "><marcxchange:subfield code="a">257 s.</marcxchange:subfield></marcxchange:datafield><marcxchange:datafield tag="500" ind1=" " ind2=" "><marcxchange:subfield code="a">Den engelske utgaves titel: Mussolini, twilight and fall</marcxchange:subfield></marcxchange:datafield><marcxchange:datafield tag="574" ind1=" " ind2=" "><marcxchange:subfield code="a">Originaltittel: Sto dni Mussoliniego</marcxchange:subfield></marcxchange:datafield><marcxchange:datafield tag="599" ind1=" " ind2=" "><marcxchange:subfield code="a">r91 xTS1022</marcxchange:subfield></marcxchange:datafield><marcxchange:datafield tag="600" ind1=" " ind2="1"><marcxchange:subfield code="a">Mussolini, Benito</marcxchange:subfield><marcxchange:subfield code="d">1883-1945</marcxchange:subfield><marcxchange:subfield code="j">it.</marcxchange:subfield><marcxchange:subfield code="1">945.091092</marcxchange:subfield><marcxchange:subfield code="4">d5</marcxchange:subfield><marcxchange:subfield code="6">945.091 x</marcxchange:subfield><marcxchange:subfield code="3">14757500</marcxchange:subfield></marcxchange:datafield><marcxchange:datafield tag="650" ind1=" " ind2=" "><marcxchange:subfield code="a">Verdenskrigen 1939-1945</marcxchange:subfield><marcxchange:subfield code="x">Krigsoperasjoner</marcxchange:subfield><marcxchange:subfield code="x">Italia</marcxchange:subfield><marcxchange:subfield code="1">940.5421</marcxchange:subfield><marcxchange:subfield code="4">d5-</marcxchange:subfield><marcxchange:subfield code="6">940.541 z</marcxchange:subfield><marcxchange:subfield code="3">20192600</marcxchange:subfield></marcxchange:datafield><marcxchange:datafield tag="850" ind1=" " ind2=" "><marcxchange:subfield code="a">NO-2030000</marcxchange:subfield><marcxchange:subfield code="b">Voksenavdelingen, Hovedbiblioteket</marcxchange:subfield><marcxchange:subfield code="f">9</marcxchange:subfield><marcxchange:subfield code="h">3</marcxchange:subfield><marcxchange:subfield code="x">2012-07-31T13:14+0200</marcxchange:subfield></marcxchange:datafield><marcxchange:datafield tag="996" ind1=" " ind2=" "><marcxchange:subfield code="u">http://www.deich.folkebibl.no/cgi-bin/websok?tnr=292926&amp;sourceid=OAI</marcxchange:subfield><marcxchange:subfield code="t">local</marcxchange:subfield></marcxchange:datafield></marcxchange:record></metadata></record>