<record><header><identifier>oai:bibliofil.no:NO-2030000:303254</identifier><datestamp>2012-02-09</datestamp><setSpec>bibliofil:data</setSpec></header><metadata><marcxchange:record format="normarc" type="Bibliographic" xmlns:marcxchange="info:lc/xmlns/marcxchange-v1"><marcxchange:leader>00790nam  2200253   4500</marcxchange:leader><marcxchange:controlfield tag="001">303254</marcxchange:controlfield><marcxchange:controlfield tag="008">911118                a          00eng r</marcxchange:controlfield><marcxchange:datafield tag="015" ind1=" " ind2=" "><marcxchange:subfield code="a">281992</marcxchange:subfield><marcxchange:subfield code="b">BibliofilID</marcxchange:subfield></marcxchange:datafield><marcxchange:datafield tag="019" ind1=" " ind2=" "><marcxchange:subfield code="b">l</marcxchange:subfield></marcxchange:datafield><marcxchange:datafield tag="020" ind1=" " ind2=" "><marcxchange:subfield code="a">0304297682</marcxchange:subfield></marcxchange:datafield><marcxchange:datafield tag="082" ind1="3" ind2=" "><marcxchange:subfield code="a">941.085</marcxchange:subfield><marcxchange:subfield code="z">h</marcxchange:subfield><marcxchange:subfield code="2">d</marcxchange:subfield></marcxchange:datafield><marcxchange:datafield tag="090" ind1=" " ind2=" "><marcxchange:subfield code="c">941.085</marcxchange:subfield><marcxchange:subfield code="d">Kel</marcxchange:subfield></marcxchange:datafield><marcxchange:datafield tag="091" ind1=" " ind2=" "><marcxchange:subfield code="c">942.08</marcxchange:subfield><marcxchange:subfield code="d">r</marcxchange:subfield></marcxchange:datafield><marcxchange:datafield tag="100" ind1=" " ind2="0"><marcxchange:subfield code="a">Kellner, Peter</marcxchange:subfield><marcxchange:subfield code="3">20963000</marcxchange:subfield></marcxchange:datafield><marcxchange:datafield tag="245" ind1="1" ind2="0"><marcxchange:subfield code="a">Callaghan</marcxchange:subfield><marcxchange:subfield code="b">the road to Number Ten</marcxchange:subfield><marcxchange:subfield code="c">Peter Kellner and Christopher Hitchens</marcxchange:subfield></marcxchange:datafield><marcxchange:datafield tag="260" ind1=" " ind2=" "><marcxchange:subfield code="a">London</marcxchange:subfield><marcxchange:subfield code="b">Cassell</marcxchange:subfield><marcxchange:subfield code="c">1976</marcxchange:subfield></marcxchange:datafield><marcxchange:datafield tag="300" ind1=" " ind2=" "><marcxchange:subfield code="a">187 s.</marcxchange:subfield></marcxchange:datafield><marcxchange:datafield tag="500" ind1=" " ind2=" "><marcxchange:subfield code="a">Inneholder bibliografi</marcxchange:subfield></marcxchange:datafield><marcxchange:datafield tag="599" ind1=" " ind2=" "><marcxchange:subfield code="a">r91 xTS1118</marcxchange:subfield></marcxchange:datafield><marcxchange:datafield tag="600" ind1=" " ind2=" "><marcxchange:subfield code="a">Callaghan, James</marcxchange:subfield><marcxchange:subfield code="d">1912-</marcxchange:subfield><marcxchange:subfield code="3">20963100</marcxchange:subfield></marcxchange:datafield><marcxchange:datafield tag="650" ind1=" " ind2="1"><marcxchange:subfield code="a">Storbritannia</marcxchange:subfield><marcxchange:subfield code="x">Historie</marcxchange:subfield><marcxchange:subfield code="x">1945-1999</marcxchange:subfield><marcxchange:subfield code="1">941.085</marcxchange:subfield><marcxchange:subfield code="4">d5</marcxchange:subfield><marcxchange:subfield code="3">23098900</marcxchange:subfield></marcxchange:datafield><marcxchange:datafield tag="650" ind1=" " ind2="2"><marcxchange:subfield code="a">Storbritannia</marcxchange:subfield><marcxchange:subfield code="x">Historie</marcxchange:subfield><marcxchange:subfield code="x">1945-1999</marcxchange:subfield><marcxchange:subfield code="x">Politikk</marcxchange:subfield><marcxchange:subfield code="1">941.085</marcxchange:subfield><marcxchange:subfield code="4">d5</marcxchange:subfield><marcxchange:subfield code="3">31802100</marcxchange:subfield></marcxchange:datafield><marcxchange:datafield tag="700" ind1=" " ind2=" "><marcxchange:subfield code="a">Hitchens, Christopher</marcxchange:subfield><marcxchange:subfield code="d">1949-2011</marcxchange:subfield><marcxchange:subfield code="j">eng.</marcxchange:subfield><marcxchange:subfield code="1">070.92</marcxchange:subfield><marcxchange:subfield code="e">Medforf.</marcxchange:subfield><marcxchange:subfield code="3">12917400</marcxchange:subfield></marcxchange:datafield><marcxchange:datafield tag="850" ind1=" " ind2=" "><marcxchange:subfield code="a">NO-2030000</marcxchange:subfield><marcxchange:subfield code="b">Voksenavdelingen, Hovedbiblioteket</marcxchange:subfield><marcxchange:subfield code="f">9</marcxchange:subfield><marcxchange:subfield code="h">0</marcxchange:subfield><marcxchange:subfield code="x">2012-07-31T13:14+0200</marcxchange:subfield></marcxchange:datafield><marcxchange:datafield tag="996" ind1=" " ind2=" "><marcxchange:subfield code="u">http://www.deich.folkebibl.no/cgi-bin/websok?tnr=303254&amp;sourceid=OAI</marcxchange:subfield><marcxchange:subfield code="t">local</marcxchange:subfield></marcxchange:datafield></marcxchange:record></metadata></record>