<record><header><identifier>oai:bibliofil.no:NO-2030000:306467</identifier><datestamp>2012-02-09</datestamp><setSpec>bibliofil:data</setSpec></header><metadata><marcxchange:record format="normarc" type="Bibliographic" xmlns:marcxchange="info:lc/xmlns/marcxchange-v1"><marcxchange:leader>00813nam  2200229   4500</marcxchange:leader><marcxchange:controlfield tag="001">306467</marcxchange:controlfield><marcxchange:controlfield tag="008">911125                a          00eng</marcxchange:controlfield><marcxchange:datafield tag="015" ind1=" " ind2=" "><marcxchange:subfield code="a">287243</marcxchange:subfield><marcxchange:subfield code="b">BibliofilID</marcxchange:subfield></marcxchange:datafield><marcxchange:datafield tag="019" ind1=" " ind2=" "><marcxchange:subfield code="b">l</marcxchange:subfield></marcxchange:datafield><marcxchange:datafield tag="082" ind1="3" ind2=" "><marcxchange:subfield code="a">940.5345</marcxchange:subfield><marcxchange:subfield code="z">h</marcxchange:subfield><marcxchange:subfield code="2">d</marcxchange:subfield></marcxchange:datafield><marcxchange:datafield tag="090" ind1=" " ind2=" "><marcxchange:subfield code="c">940.5345</marcxchange:subfield><marcxchange:subfield code="d">Dea</marcxchange:subfield></marcxchange:datafield><marcxchange:datafield tag="100" ind1=" " ind2="0"><marcxchange:subfield code="a">Deakin, Frederick William</marcxchange:subfield><marcxchange:subfield code="d">1913-</marcxchange:subfield><marcxchange:subfield code="3">21200000</marcxchange:subfield></marcxchange:datafield><marcxchange:datafield tag="245" ind1="1" ind2="0"><marcxchange:subfield code="a">The brutal friendship</marcxchange:subfield><marcxchange:subfield code="b">Mussolini, Hitler and the fall of Ialian fascism</marcxchange:subfield></marcxchange:datafield><marcxchange:datafield tag="260" ind1=" " ind2=" "><marcxchange:subfield code="a">London</marcxchange:subfield><marcxchange:subfield code="b">Weidenfeld and Nicolson</marcxchange:subfield><marcxchange:subfield code="c">1962</marcxchange:subfield></marcxchange:datafield><marcxchange:datafield tag="300" ind1=" " ind2=" "><marcxchange:subfield code="a">XIV, 896 s.</marcxchange:subfield></marcxchange:datafield><marcxchange:datafield tag="500" ind1=" " ind2=" "><marcxchange:subfield code="a">Inneholder bibliografi.</marcxchange:subfield></marcxchange:datafield><marcxchange:datafield tag="599" ind1=" " ind2=" "><marcxchange:subfield code="a">r91 xtb1125</marcxchange:subfield></marcxchange:datafield><marcxchange:datafield tag="600" ind1=" " ind2=" "><marcxchange:subfield code="a">Hitler, Adolf</marcxchange:subfield><marcxchange:subfield code="d">1889-1945</marcxchange:subfield><marcxchange:subfield code="j">t.</marcxchange:subfield><marcxchange:subfield code="1">943.086092</marcxchange:subfield><marcxchange:subfield code="6">943.086 x</marcxchange:subfield><marcxchange:subfield code="3">10411800</marcxchange:subfield></marcxchange:datafield><marcxchange:datafield tag="600" ind1=" " ind2=" "><marcxchange:subfield code="a">Mussolini, Benito</marcxchange:subfield><marcxchange:subfield code="d">1883-1945</marcxchange:subfield><marcxchange:subfield code="j">it.</marcxchange:subfield><marcxchange:subfield code="1">945.091092</marcxchange:subfield><marcxchange:subfield code="4">d5</marcxchange:subfield><marcxchange:subfield code="6">945.091 x</marcxchange:subfield><marcxchange:subfield code="3">14757500</marcxchange:subfield></marcxchange:datafield><marcxchange:datafield tag="650" ind1=" " ind2=" "><marcxchange:subfield code="a">Fascisme</marcxchange:subfield><marcxchange:subfield code="x">Italia</marcxchange:subfield><marcxchange:subfield code="1">320.533</marcxchange:subfield><marcxchange:subfield code="6">321.64 z</marcxchange:subfield><marcxchange:subfield code="3">33219400</marcxchange:subfield></marcxchange:datafield><marcxchange:datafield tag="650" ind1=" " ind2="1"><marcxchange:subfield code="a">Verdenskrigen 1939-1945</marcxchange:subfield><marcxchange:subfield code="x">Krigsoperasjoner</marcxchange:subfield><marcxchange:subfield code="x">Italia</marcxchange:subfield><marcxchange:subfield code="1">940.5421</marcxchange:subfield><marcxchange:subfield code="4">d5-</marcxchange:subfield><marcxchange:subfield code="6">940.541 z</marcxchange:subfield><marcxchange:subfield code="3">20192600</marcxchange:subfield></marcxchange:datafield><marcxchange:datafield tag="850" ind1=" " ind2=" "><marcxchange:subfield code="a">NO-2030000</marcxchange:subfield><marcxchange:subfield code="b">Voksenavdelingen, Hovedbiblioteket</marcxchange:subfield><marcxchange:subfield code="f">9</marcxchange:subfield><marcxchange:subfield code="h">0</marcxchange:subfield><marcxchange:subfield code="x">2012-07-31T13:14+0200</marcxchange:subfield></marcxchange:datafield><marcxchange:datafield tag="996" ind1=" " ind2=" "><marcxchange:subfield code="u">http://www.deich.folkebibl.no/cgi-bin/websok?tnr=306467&amp;sourceid=OAI</marcxchange:subfield><marcxchange:subfield code="t">local</marcxchange:subfield></marcxchange:datafield></marcxchange:record></metadata></record>