<record><header><identifier>oai:bibliofil.no:NO-2030000:328014</identifier><datestamp>2012-02-09</datestamp><setSpec>bibliofil:data</setSpec></header><metadata><marcxchange:record format="normarc" type="Bibliographic" xmlns:marcxchange="info:lc/xmlns/marcxchange-v1"><marcxchange:leader>00589nam  2200181   4500</marcxchange:leader><marcxchange:controlfield tag="001">328014</marcxchange:controlfield><marcxchange:controlfield tag="007">                                          </marcxchange:controlfield><marcxchange:controlfield tag="008">920206                a          01dan    </marcxchange:controlfield><marcxchange:datafield tag="015" ind1=" " ind2=" "><marcxchange:subfield code="a">322995</marcxchange:subfield><marcxchange:subfield code="b">BibliofilID</marcxchange:subfield></marcxchange:datafield><marcxchange:datafield tag="019" ind1=" " ind2=" "><marcxchange:subfield code="b">l</marcxchange:subfield></marcxchange:datafield><marcxchange:datafield tag="082" ind1="3" ind2=" "><marcxchange:subfield code="a">923.2</marcxchange:subfield></marcxchange:datafield><marcxchange:datafield tag="090" ind1=" " ind2=" "><marcxchange:subfield code="a">r</marcxchange:subfield><marcxchange:subfield code="c">923.2</marcxchange:subfield><marcxchange:subfield code="d">Griffenfeld, P/1</marcxchange:subfield></marcxchange:datafield><marcxchange:datafield tag="100" ind1=" " ind2="0"><marcxchange:subfield code="a">Vaupell, Otto</marcxchange:subfield><marcxchange:subfield code="d">1823-99</marcxchange:subfield><marcxchange:subfield code="3">29926500</marcxchange:subfield></marcxchange:datafield><marcxchange:datafield tag="245" ind1="1" ind2="0"><marcxchange:subfield code="a">Rigskansler grev Griffenfeld</marcxchange:subfield><marcxchange:subfield code="b">et bidrag til Nordens historie i det 17de hundreaar</marcxchange:subfield><marcxchange:subfield code="n">B.1</marcxchange:subfield></marcxchange:datafield><marcxchange:datafield tag="260" ind1=" " ind2=" "><marcxchange:subfield code="a">Kbh.</marcxchange:subfield><marcxchange:subfield code="b">Reitzel</marcxchange:subfield><marcxchange:subfield code="c">1880</marcxchange:subfield></marcxchange:datafield><marcxchange:datafield tag="599" ind1=" " ind2=" "><marcxchange:subfield code="a">r92 xatu</marcxchange:subfield></marcxchange:datafield><marcxchange:datafield tag="600" ind1=" " ind2=" "><marcxchange:subfield code="a">Griffenfeld, Peder Schumacher</marcxchange:subfield><marcxchange:subfield code="d">1635-1699</marcxchange:subfield><marcxchange:subfield code="j">d.</marcxchange:subfield><marcxchange:subfield code="1">948.9032092</marcxchange:subfield><marcxchange:subfield code="6">948.9032 x</marcxchange:subfield><marcxchange:subfield code="3">20134300</marcxchange:subfield></marcxchange:datafield><marcxchange:datafield tag="850" ind1=" " ind2=" "><marcxchange:subfield code="a">NO-2030000</marcxchange:subfield><marcxchange:subfield code="b">Spesialsamling, Fjernlån</marcxchange:subfield><marcxchange:subfield code="c">REF.BRUK</marcxchange:subfield><marcxchange:subfield code="f">9</marcxchange:subfield><marcxchange:subfield code="h">0</marcxchange:subfield><marcxchange:subfield code="x">2012-07-31T13:14+0200</marcxchange:subfield></marcxchange:datafield><marcxchange:datafield tag="996" ind1=" " ind2=" "><marcxchange:subfield code="u">http://www.deich.folkebibl.no/cgi-bin/websok?tnr=328014&amp;sourceid=OAI</marcxchange:subfield><marcxchange:subfield code="t">local</marcxchange:subfield></marcxchange:datafield></marcxchange:record></metadata></record>