<record><header><identifier>oai:bibliofil.no:NO-2030000:330235</identifier><datestamp>2012-02-09</datestamp><setSpec>bibliofil:data</setSpec></header><metadata><marcxchange:record format="normarc" type="Bibliographic" xmlns:marcxchange="info:lc/xmlns/marcxchange-v1"><marcxchange:leader>00765nam  2200217   4500</marcxchange:leader><marcxchange:controlfield tag="001">330235</marcxchange:controlfield><marcxchange:controlfield tag="008">920212                a          01swe    </marcxchange:controlfield><marcxchange:datafield tag="015" ind1=" " ind2=" "><marcxchange:subfield code="a">326942</marcxchange:subfield><marcxchange:subfield code="b">BibliofilID</marcxchange:subfield></marcxchange:datafield><marcxchange:datafield tag="019" ind1=" " ind2=" "><marcxchange:subfield code="b">l</marcxchange:subfield></marcxchange:datafield><marcxchange:datafield tag="082" ind1="3" ind2=" "><marcxchange:subfield code="a">895</marcxchange:subfield></marcxchange:datafield><marcxchange:datafield tag="090" ind1=" " ind2=" "><marcxchange:subfield code="c">895</marcxchange:subfield><marcxchange:subfield code="d">Ene</marcxchange:subfield></marcxchange:datafield><marcxchange:datafield tag="100" ind1=" " ind2="0"><marcxchange:subfield code="a">Enehjelm, Helen af</marcxchange:subfield><marcxchange:subfield code="d">1909-</marcxchange:subfield><marcxchange:subfield code="j">sv.</marcxchange:subfield><marcxchange:subfield code="3">21847100</marcxchange:subfield></marcxchange:datafield><marcxchange:datafield tag="245" ind1="1" ind2="0"><marcxchange:subfield code="a">Röster över vattnet</marcxchange:subfield><marcxchange:subfield code="b">[essayer]</marcxchange:subfield></marcxchange:datafield><marcxchange:datafield tag="260" ind1=" " ind2=" "><marcxchange:subfield code="a">[Sthm.]</marcxchange:subfield><marcxchange:subfield code="b">Forum</marcxchange:subfield><marcxchange:subfield code="c">1953</marcxchange:subfield></marcxchange:datafield><marcxchange:datafield tag="300" ind1=" " ind2=" "><marcxchange:subfield code="a">137 s.</marcxchange:subfield><marcxchange:subfield code="b">pl., 2 port.</marcxchange:subfield></marcxchange:datafield><marcxchange:datafield tag="500" ind1=" " ind2=" "><marcxchange:subfield code="a">Innhold: Finsk tystnad ; Eko av ett rop ; I Sjödistriktet ; Röster över vattnet ; Från det kinesiska tornet ; Kinesisk naturlyrik och två naturlyriker.</marcxchange:subfield></marcxchange:datafield><marcxchange:datafield tag="599" ind1=" " ind2=" "><marcxchange:subfield code="a">r92 xagnar0212</marcxchange:subfield></marcxchange:datafield><marcxchange:datafield tag="600" ind1=" " ind2=" "><marcxchange:subfield code="a">Schoultz, Solveig von</marcxchange:subfield><marcxchange:subfield code="d">1907-</marcxchange:subfield><marcxchange:subfield code="j">fi.-sv.</marcxchange:subfield><marcxchange:subfield code="3">12895900</marcxchange:subfield></marcxchange:datafield><marcxchange:datafield tag="600" ind1=" " ind2=" "><marcxchange:subfield code="a">Wordsworth, William</marcxchange:subfield><marcxchange:subfield code="d">1770-1850</marcxchange:subfield><marcxchange:subfield code="j">eng.</marcxchange:subfield><marcxchange:subfield code="3">19970200</marcxchange:subfield></marcxchange:datafield><marcxchange:datafield tag="650" ind1=" " ind2="1"><marcxchange:subfield code="a">Kinesisk poesi</marcxchange:subfield><marcxchange:subfield code="x">Historie og kritikk</marcxchange:subfield><marcxchange:subfield code="1">895.1109</marcxchange:subfield><marcxchange:subfield code="4">d5</marcxchange:subfield><marcxchange:subfield code="3">17238400</marcxchange:subfield></marcxchange:datafield><marcxchange:datafield tag="850" ind1=" " ind2=" "><marcxchange:subfield code="a">NO-2030000</marcxchange:subfield><marcxchange:subfield code="b">Voksenavdelingen, Hovedbiblioteket</marcxchange:subfield><marcxchange:subfield code="f">9</marcxchange:subfield><marcxchange:subfield code="h">0</marcxchange:subfield><marcxchange:subfield code="x">2012-07-31T13:14+0200</marcxchange:subfield></marcxchange:datafield><marcxchange:datafield tag="996" ind1=" " ind2=" "><marcxchange:subfield code="u">http://www.deich.folkebibl.no/cgi-bin/websok?tnr=330235&amp;sourceid=OAI</marcxchange:subfield><marcxchange:subfield code="t">local</marcxchange:subfield></marcxchange:datafield></marcxchange:record></metadata></record>