<record><header><identifier>oai:bibliofil.no:NO-2030000:336901</identifier><datestamp>2012-02-09</datestamp><setSpec>bibliofil:data</setSpec></header><metadata><marcxchange:record format="normarc" type="Bibliographic" xmlns:marcxchange="info:lc/xmlns/marcxchange-v1"><marcxchange:leader>00542nam  2200193   4500</marcxchange:leader><marcxchange:controlfield tag="001">336901</marcxchange:controlfield><marcxchange:controlfield tag="008">920303                a          01nob    </marcxchange:controlfield><marcxchange:datafield tag="015" ind1=" " ind2=" "><marcxchange:subfield code="a">335355</marcxchange:subfield><marcxchange:subfield code="b">BibliofilID</marcxchange:subfield></marcxchange:datafield><marcxchange:datafield tag="019" ind1=" " ind2=" "><marcxchange:subfield code="b">l</marcxchange:subfield></marcxchange:datafield><marcxchange:datafield tag="082" ind1="3" ind2=" "><marcxchange:subfield code="a">923.2</marcxchange:subfield></marcxchange:datafield><marcxchange:datafield tag="090" ind1=" " ind2=" "><marcxchange:subfield code="c">923.2</marcxchange:subfield><marcxchange:subfield code="d">Løvenskiold, S.</marcxchange:subfield></marcxchange:datafield><marcxchange:datafield tag="100" ind1=" " ind2="0"><marcxchange:subfield code="a">Faye, Andreas</marcxchange:subfield><marcxchange:subfield code="d">1802-1869</marcxchange:subfield><marcxchange:subfield code="3">11576300</marcxchange:subfield></marcxchange:datafield><marcxchange:datafield tag="245" ind1="1" ind2="0"><marcxchange:subfield code="a">Statholder Severin Løvenskiold</marcxchange:subfield><marcxchange:subfield code="b">efter hans efterladte optegnelser</marcxchange:subfield></marcxchange:datafield><marcxchange:datafield tag="260" ind1=" " ind2=" "><marcxchange:subfield code="a">Chra</marcxchange:subfield><marcxchange:subfield code="c">1857</marcxchange:subfield></marcxchange:datafield><marcxchange:datafield tag="300" ind1=" " ind2=" "><marcxchange:subfield code="a">21 s.</marcxchange:subfield></marcxchange:datafield><marcxchange:datafield tag="500" ind1=" " ind2=" "><marcxchange:subfield code="a">Gotisk skrift.</marcxchange:subfield></marcxchange:datafield><marcxchange:datafield tag="599" ind1=" " ind2=" "><marcxchange:subfield code="a">r92 xatu</marcxchange:subfield></marcxchange:datafield><marcxchange:datafield tag="600" ind1=" " ind2=" "><marcxchange:subfield code="a">Løvenskiold, Severin</marcxchange:subfield><marcxchange:subfield code="d">1777-1856</marcxchange:subfield><marcxchange:subfield code="1">948.1041092</marcxchange:subfield><marcxchange:subfield code="6">948.1041 x</marcxchange:subfield><marcxchange:subfield code="3">20109600</marcxchange:subfield></marcxchange:datafield><marcxchange:datafield tag="850" ind1=" " ind2=" "><marcxchange:subfield code="a">NO-2030000</marcxchange:subfield><marcxchange:subfield code="b">Voksenavdelingen, Hovedbiblioteket</marcxchange:subfield><marcxchange:subfield code="c">m</marcxchange:subfield><marcxchange:subfield code="f">9</marcxchange:subfield><marcxchange:subfield code="h">0</marcxchange:subfield><marcxchange:subfield code="x">2012-07-31T13:14+0200</marcxchange:subfield></marcxchange:datafield><marcxchange:datafield tag="996" ind1=" " ind2=" "><marcxchange:subfield code="u">http://www.deich.folkebibl.no/cgi-bin/websok?tnr=336901&amp;sourceid=OAI</marcxchange:subfield><marcxchange:subfield code="t">local</marcxchange:subfield></marcxchange:datafield></marcxchange:record></metadata></record><record><header status="deleted"><identifier>oai:bibliofil.no:NO-2030000:337826</identifier><datestamp>2012-02-09</datestamp><setSpec>bibliofil:data</setSpec></header></record><record><header status="deleted"><identifier>oai:bibliofil.no:NO-2030000:337836</identifier><datestamp>2012-02-09</datestamp><setSpec>bibliofil:data</setSpec></header></record><record><header status="deleted"><identifier>oai:bibliofil.no:NO-2030000:337837</identifier><datestamp>2012-02-09</datestamp><setSpec>bibliofil:data</setSpec></header></record><record><header status="deleted"><identifier>oai:bibliofil.no:NO-2030000:368723</identifier><datestamp>2012-02-09</datestamp><setSpec>bibliofil:data</setSpec></header></record>