<record><header><identifier>oai:bibliofil.no:NO-2030000:391892</identifier><datestamp>2012-02-09</datestamp><setSpec>bibliofil:data</setSpec></header><metadata><marcxchange:record format="normarc" type="Bibliographic" xmlns:marcxchange="info:lc/xmlns/marcxchange-v1"><marcxchange:leader>00820nam  2200277   4500</marcxchange:leader><marcxchange:controlfield tag="001">391892</marcxchange:controlfield><marcxchange:controlfield tag="008">930211                a          00nob 2  </marcxchange:controlfield><marcxchange:datafield tag="015" ind1=" " ind2=" "><marcxchange:subfield code="a">417022</marcxchange:subfield><marcxchange:subfield code="b">BibliofilID</marcxchange:subfield></marcxchange:datafield><marcxchange:datafield tag="019" ind1=" " ind2=" "><marcxchange:subfield code="b">l</marcxchange:subfield></marcxchange:datafield><marcxchange:datafield tag="020" ind1=" " ind2=" "><marcxchange:subfield code="a">82-7499-004-8</marcxchange:subfield><marcxchange:subfield code="b">h.</marcxchange:subfield><marcxchange:subfield code="c">Nkr 128.00</marcxchange:subfield></marcxchange:datafield><marcxchange:datafield tag="041" ind1=" " ind2=" "><marcxchange:subfield code="h">dan</marcxchange:subfield></marcxchange:datafield><marcxchange:datafield tag="082" ind1="3" ind2=" "><marcxchange:subfield code="a">361.3</marcxchange:subfield><marcxchange:subfield code="z">h</marcxchange:subfield></marcxchange:datafield><marcxchange:datafield tag="090" ind1=" " ind2=" "><marcxchange:subfield code="c">361.3</marcxchange:subfield><marcxchange:subfield code="d">Zim</marcxchange:subfield></marcxchange:datafield><marcxchange:datafield tag="100" ind1=" " ind2="0"><marcxchange:subfield code="a">Zimsen, Karen</marcxchange:subfield><marcxchange:subfield code="3">11284500</marcxchange:subfield></marcxchange:datafield><marcxchange:datafield tag="240" ind1="1" ind2="0"><marcxchange:subfield code="a">Samtalen som værktøj</marcxchange:subfield></marcxchange:datafield><marcxchange:datafield tag="245" ind1="1" ind2="0"><marcxchange:subfield code="a">Samtalen som verktøy</marcxchange:subfield><marcxchange:subfield code="b">grunnbok i samtaleteknikk</marcxchange:subfield><marcxchange:subfield code="c">Karen Zimsen ; oversatt av Ranveig H. Roeim</marcxchange:subfield></marcxchange:datafield><marcxchange:datafield tag="260" ind1=" " ind2=" "><marcxchange:subfield code="a">Ytre Arna</marcxchange:subfield><marcxchange:subfield code="b">Lexis</marcxchange:subfield><marcxchange:subfield code="c">cop. 1993</marcxchange:subfield></marcxchange:datafield><marcxchange:datafield tag="300" ind1=" " ind2=" "><marcxchange:subfield code="a">96 s.</marcxchange:subfield></marcxchange:datafield><marcxchange:datafield tag="500" ind1=" " ind2=" "><marcxchange:subfield code="a">Bibliografi: s. 95-96</marcxchange:subfield></marcxchange:datafield><marcxchange:datafield tag="574" ind1=" " ind2=" "><marcxchange:subfield code="a">Originaltittel: Samtalen som værktøj</marcxchange:subfield></marcxchange:datafield><marcxchange:datafield tag="599" ind1=" " ind2=" "><marcxchange:subfield code="a">a93-4</marcxchange:subfield></marcxchange:datafield><marcxchange:datafield tag="599" ind1=" " ind2=" "><marcxchange:subfield code="a">xjgs0302</marcxchange:subfield></marcxchange:datafield><marcxchange:datafield tag="650" ind1=" " ind2="1"><marcxchange:subfield code="a">Sosialt arbeid</marcxchange:subfield><marcxchange:subfield code="x">Profesjonelt</marcxchange:subfield><marcxchange:subfield code="1">361.3</marcxchange:subfield><marcxchange:subfield code="4">d5</marcxchange:subfield><marcxchange:subfield code="3">14433700</marcxchange:subfield></marcxchange:datafield><marcxchange:datafield tag="650" ind1=" " ind2="2"><marcxchange:subfield code="a">Intervju</marcxchange:subfield><marcxchange:subfield code="x">Samtaler</marcxchange:subfield><marcxchange:subfield code="3">13262200</marcxchange:subfield></marcxchange:datafield><marcxchange:datafield tag="699" ind1=" " ind2="1"><marcxchange:subfield code="a">Kommunikasjon</marcxchange:subfield><marcxchange:subfield code="0">bedriftsledelse</marcxchange:subfield><marcxchange:subfield code="1">658.45</marcxchange:subfield><marcxchange:subfield code="2">BS</marcxchange:subfield></marcxchange:datafield><marcxchange:datafield tag="850" ind1=" " ind2=" "><marcxchange:subfield code="a">NO-2030000</marcxchange:subfield><marcxchange:subfield code="b">Voksenavdelingen, Hovedbiblioteket</marcxchange:subfield><marcxchange:subfield code="f">9</marcxchange:subfield><marcxchange:subfield code="h">0</marcxchange:subfield><marcxchange:subfield code="x">2012-07-31T13:14+0200</marcxchange:subfield></marcxchange:datafield><marcxchange:datafield tag="850" ind1=" " ind2=" "><marcxchange:subfield code="a">NO-2030000</marcxchange:subfield><marcxchange:subfield code="b">Voksenavdelingen, Hovedbiblioteket</marcxchange:subfield><marcxchange:subfield code="f">9</marcxchange:subfield><marcxchange:subfield code="h">0</marcxchange:subfield><marcxchange:subfield code="x">2012-07-31T13:14+0200</marcxchange:subfield></marcxchange:datafield><marcxchange:datafield tag="850" ind1=" " ind2=" "><marcxchange:subfield code="a">NO-2030000</marcxchange:subfield><marcxchange:subfield code="b">Grünerløkka filial.</marcxchange:subfield><marcxchange:subfield code="f">9</marcxchange:subfield><marcxchange:subfield code="h">3</marcxchange:subfield><marcxchange:subfield code="x">2012-07-31T13:14+0200</marcxchange:subfield></marcxchange:datafield><marcxchange:datafield tag="996" ind1=" " ind2=" "><marcxchange:subfield code="u">http://www.deich.folkebibl.no/cgi-bin/websok?tnr=391892&amp;sourceid=OAI</marcxchange:subfield><marcxchange:subfield code="t">local</marcxchange:subfield></marcxchange:datafield></marcxchange:record></metadata></record><resumptionToken>24590-1343733244</resumptionToken></ListRecords></OAI-PMH>

